Symbol,AskPrice,Time

USO,2.7815,10:49:36
USO,2.789,10:49:37
USO,2.7802,10:49:38
USO,2.78,10:49:39
USO,2.7745,10:49:40
USO,2.775,10:49:41
USO,2.77,10:49:42
USO,2.7701,10:49:43
USO,2.77,10:49:44
USO,2.7799,10:49:45
USO,2.78,10:49:46
USO,2.7799,10:49:47
USO,2.7814,10:49:48
USO,2.7801,10:49:49
USO,2.79,10:49:50
USO,2.7898,10:49:51
USO,2.782,10:49:52
USO,2.785,10:49:53
USO,2.79,10:49:54
USO,2.785,10:49:56
USO,2.795,10:49:57
USO,2.7902,10:49:58
USO,2.793,10:49:59
USO,2.7903,10:50:00
USO,2.7901,10:50:01
USO,2.7921,10:50:02
USO,2.7901,10:50:03
USO,2.7902,10:50:04
USO,2.79,10:50:05
USO,2.7932,10:50:07
USO,2.7901,10:50:07
USO,2.7999,10:50:08
USO,2.7902,10:50:10
USO,2.79,10:50:11
USO,2.795,10:50:12
USO,2.7997,10:50:13
USO,2.8,10:50:14
USO,2.7987,10:50:15
USO,2.79,10:50:16
USO,2.8,10:50:17
USO,2.79,10:50:18
USO,2.7999,10:50:19
USO,2.7931,10:50:20
USO,2.7932,10:50:21
USO,2.7902,10:50:22
USO,2.79,10:50:23
USO,2.8,10:50:24
USO,2.7999,10:50:25
USO,2.7995,10:50:26
USO,2.7903,10:50:27
USO,2.7939,10:50:28
USO,2.7902,10:50:29
USO,2.795,10:50:30
USO,2.7901,10:50:31
USO,2.8,10:50:32
USO,2.7901,10:50:34
USO,2.8,10:50:35
USO,2.795,10:50:36
USO,2.8,10:50:38
USO,2.795,10:50:39
USO,2.7999,10:50:40
USO,2.7901,10:50:41
USO,2.795,10:50:42
USO,2.7995,10:50:43
USO,2.795,10:50:44
USO,2.79,10:50:45
USO,2.795,10:50:46
USO,2.79,10:50:47
USO,2.8,10:50:48
USO,2.7999,10:50:50
USO,2.795,10:50:51
USO,2.81,10:50:52
USO,2.805,10:50:53
USO,2.81,10:50:54
USO,2.8001,10:50:55
USO,2.8,10:50:56
USO,2.805,10:50:57
USO,2.81,10:50:58
USO,2.8129,10:50:59
USO,2.82,10:51:00
USO,2.8101,10:51:01
USO,2.8199,10:51:02
USO,2.81,10:51:03
USO,2.8196,10:51:04
USO,2.8186,10:51:05
USO,2.81,10:51:06
USO,2.8199,10:51:08
USO,2.81,10:51:09
USO,2.8098,10:51:10
USO,2.8,10:51:11
USO,2.81,10:51:12
USO,2.8,10:51:14
USO,2.81,10:51:15
USO,2.8078,10:51:16
USO,2.8097,10:51:17
USO,2.805,10:51:18
USO,2.8,10:51:19
USO,2.8069,10:51:20
USO,2.81,10:51:21
USO,2.8078,10:51:22
USO,2.805,10:51:23
USO,2.81,10:51:24
USO,2.8097,10:51:25
USO,2.805,10:51:26
USO,2.8081,10:51:27
USO,2.81,10:51:28
USO,2.8099,10:51:29
USO,2.8001,10:51:30
USO,2.8003,10:51:31
USO,2.805,10:51:32
USO,2.81,10:51:33
USO,2.8099,10:51:35
USO,2.81,10:51:36
USO,2.8101,10:51:37
USO,2.8199,10:51:38
USO,2.81,10:51:39
USO,2.82,10:51:40
USO,2.8101,10:51:41
USO,2.8164,10:51:42
USO,2.81,10:51:43
USO,2.8101,10:51:45
USO,2.8199,10:51:46
USO,2.8196,10:51:47
USO,2.8198,10:51:48
USO,2.81,10:51:49
USO,2.82,10:51:50
USO,2.8199,10:51:51
USO,2.8154,10:51:52
USO,2.8199,10:51:53
USO,2.8194,10:51:55
USO,2.82,10:51:57
USO,2.815,10:51:58
USO,2.8196,10:51:59
USO,2.8194,10:52:00
USO,2.8162,10:52:01
USO,2.8199,10:52:02
USO,2.81,10:52:03
USO,2.815,10:52:04
USO,2.8199,10:52:05
USO,2.8195,10:52:06
USO,2.82,10:52:07
USO,2.815,10:52:08
USO,2.82,10:52:09
USO,2.8197,10:52:10
USO,2.815,10:52:11
USO,2.8153,10:52:12
USO,2.82,10:52:13
USO,2.8158,10:52:14
USO,2.8198,10:52:15
USO,2.815,10:52:16
USO,2.8104,10:52:17
USO,2.8199,10:52:18
USO,2.82,10:52:19
USO,2.815,10:52:20
USO,2.8187,10:52:21
USO,2.8104,10:52:22
USO,2.81,10:52:23
USO,2.8133,10:52:24
USO,2.82,10:52:25
USO,2.815,10:52:27
USO,2.81,10:52:28
USO,2.815,10:52:29
USO,2.81,10:52:30
USO,2.82,10:52:31
USO,2.815,10:52:32
USO,2.82,10:52:33
USO,2.8103,10:52:34
USO,2.8102,10:52:35
USO,2.82,10:52:36
USO,2.815,10:52:37
USO,2.8195,10:52:38
USO,2.82,10:52:39
USO,2.81,10:52:40
USO,2.8174,10:52:41
USO,2.82,10:52:42
USO,2.8196,10:52:43
USO,2.8199,10:52:44
USO,2.82,10:52:45
USO,2.8105,10:52:46
USO,2.8177,10:52:47
USO,2.8195,10:52:48
USO,2.815,10:52:49
USO,2.8198,10:52:50
USO,2.815,10:52:52
USO,2.82,10:52:53
USO,2.8143,10:52:54
USO,2.82,10:52:55
USO,2.8179,10:52:56
USO,2.82,10:52:57
USO,2.8114,10:52:58
USO,2.8105,10:52:59
USO,2.815,10:53:00
USO,2.81,10:53:01
USO,2.8197,10:53:02
USO,2.8195,10:53:03
USO,2.82,10:53:04
USO,2.8195,10:53:05
USO,2.815,10:53:06
USO,2.82,10:53:07
USO,2.8195,10:53:08
USO,2.82,10:53:09
USO,2.8171,10:53:10
USO,2.8199,10:53:11
USO,2.815,10:53:12
USO,2.82,10:53:13
USO,2.815,10:53:15
USO,2.8196,10:53:16
USO,2.81,10:53:17
USO,2.815,10:53:18
USO,2.8189,10:53:19
USO,2.82,10:53:20
USO,2.8299,10:53:22
USO,2.82,10:53:23
USO,2.83,10:53:26
USO,2.82,10:53:27
USO,2.8298,10:53:28
USO,2.82,10:53:29
USO,2.825,10:53:30
USO,2.82,10:53:31
USO,2.8295,10:53:32
USO,2.825,10:53:33
USO,2.83,10:53:34
USO,2.8295,10:53:35
USO,2.8203,10:53:36
USO,2.8201,10:53:37
USO,2.8271,10:53:38
USO,2.83,10:53:39
USO,2.8299,10:53:40
USO,2.83,10:53:41
USO,2.82,10:53:42
USO,2.83,10:53:44
USO,2.82,10:53:45
USO,2.8296,10:53:46
USO,2.8236,10:53:47
USO,2.83,10:53:48
USO,2.8299,10:53:49
USO,2.8296,10:53:50
USO,2.83,10:53:51
USO,2.8295,10:53:52
USO,2.8247,10:53:53
USO,2.825,10:53:54
USO,2.8202,10:53:55
USO,2.825,10:53:56
USO,2.8201,10:53:57
USO,2.8298,10:53:59
USO,2.825,10:54:00
USO,2.8205,10:54:02
USO,2.8295,10:54:02
USO,2.825,10:54:04
USO,2.827,10:54:05
USO,2.825,10:54:06
USO,2.8299,10:54:07
USO,2.83,10:54:08
USO,2.8277,10:54:09
USO,2.8298,10:54:10
USO,2.825,10:54:11
USO,2.8287,10:54:12
USO,2.8307,10:54:13
USO,2.8301,10:54:14
USO,2.84,10:54:15
USO,2.83,10:54:16
USO,2.835,10:54:17
USO,2.84,10:54:18
USO,2.8394,10:54:19
USO,2.83,10:54:20
USO,2.8396,10:54:21
USO,2.835,10:54:22
USO,2.84,10:54:24
USO,2.8301,10:54:25
USO,2.84,10:54:26
USO,2.835,10:54:27
USO,2.8399,10:54:28
USO,2.84,10:54:29
USO,2.8399,10:54:30
USO,2.835,10:54:31
USO,2.84,10:54:32
USO,2.8397,10:54:33
USO,2.8394,10:54:34
USO,2.8396,10:54:35
USO,2.82,10:54:36
USO,2.825,10:54:38
USO,2.8214,10:54:39
USO,2.8298,10:54:40
USO,2.82,10:54:41
USO,2.83,10:54:42
USO,2.825,10:54:43
USO,2.83,10:54:45
USO,2.828,10:54:46
USO,2.82,10:54:47
USO,2.8233,10:54:48
USO,2.82,10:54:49
USO,2.8235,10:54:50
USO,2.825,10:54:51
USO,2.8299,10:54:52
USO,2.8295,10:54:53
USO,2.8298,10:54:54
USO,2.8297,10:54:55
USO,2.82,10:54:56
USO,2.83,10:54:57
USO,2.826,10:54:58
USO,2.82,10:54:59
USO,2.825,10:55:00
USO,2.82,10:55:01
USO,2.8299,10:55:02
USO,2.825,10:55:03
USO,2.8251,10:55:04
USO,2.825,10:55:05
USO,2.82,10:55:06
USO,2.825,10:55:07
USO,2.8299,10:55:08
USO,2.83,10:55:09
USO,2.825,10:55:10
USO,2.82,10:55:11
USO,2.825,10:55:12
USO,2.82,10:55:13
USO,2.825,10:55:14
USO,2.8258,10:55:15
USO,2.82,10:55:17
USO,2.83,10:55:18
USO,2.82,10:55:19
USO,2.8295,10:55:21
USO,2.82,10:55:21
USO,2.8295,10:55:22
USO,2.825,10:55:23
USO,2.8232,10:55:24
USO,2.82,10:55:26
USO,2.825,10:55:27
USO,2.8295,10:55:28
USO,2.82,10:55:29
USO,2.8299,10:55:30
USO,2.82,10:55:31
USO,2.825,10:55:32
USO,2.8298,10:55:34
USO,2.83,10:55:35
USO,2.825,10:55:36
USO,2.83,10:55:37
USO,2.82,10:55:38
USO,2.83,10:55:39
USO,2.8201,10:55:40
USO,2.825,10:55:41
USO,2.83,10:55:42
USO,2.82,10:55:43
USO,2.825,10:55:44
USO,2.82,10:55:45
USO,2.8295,10:55:47
USO,2.82,10:55:48
USO,2.825,10:55:50
USO,2.8295,10:55:51
USO,2.83,10:55:52
USO,2.82,10:55:53
USO,2.825,10:55:54
USO,2.83,10:55:55
USO,2.8299,10:55:56
USO,2.83,10:55:57
USO,2.825,10:55:59
USO,2.8299,10:56:00
USO,2.8251,10:56:01
USO,2.825,10:56:02
USO,2.83,10:56:03
USO,2.8205,10:56:04
USO,2.8267,10:56:05
USO,2.8299,10:56:07
USO,2.82,10:56:08
USO,2.8299,10:56:09
USO,2.84,10:56:10
USO,2.8399,10:56:11
USO,2.8302,10:56:12
USO,2.84,10:56:13
USO,2.8395,10:56:14
USO,2.835,10:56:15
USO,2.8305,10:56:16
USO,2.8314,10:56:17
USO,2.83,10:56:18
USO,2.8301,10:56:19
USO,2.8357,10:56:20
USO,2.83,10:56:21
USO,2.8389,10:56:22
USO,2.835,10:56:23
USO,2.8362,10:56:25
USO,2.8367,10:56:26
USO,2.8399,10:56:27
USO,2.835,10:56:28
USO,2.8303,10:56:29
USO,2.835,10:56:30
USO,2.839,10:56:31
USO,2.8327,10:56:32
USO,2.8394,10:56:33
USO,2.835,10:56:34
USO,2.84,10:56:35
USO,2.835,10:56:37
USO,2.84,10:56:38
USO,2.8302,10:56:39
USO,2.835,10:56:40
USO,2.8342,10:56:41
USO,2.8399,10:56:42
USO,2.84,10:56:43
USO,2.83,10:56:44
USO,2.8399,10:56:45
USO,2.8301,10:56:46
USO,2.8367,10:56:47
USO,2.835,10:56:48
USO,2.84,10:56:50
USO,2.835,10:56:51
USO,2.8336,10:56:52
USO,2.8399,10:56:53
USO,2.8344,10:56:54
USO,2.8396,10:56:55
USO,2.84,10:56:56
USO,2.835,10:56:57
USO,2.8361,10:56:58
USO,2.8394,10:56:59
USO,2.8366,10:57:00
USO,2.8303,10:57:01
USO,2.84,10:57:03
USO,2.8306,10:57:03
USO,2.8372,10:57:04
USO,2.835,10:57:06
USO,2.8301,10:57:07
USO,2.8362,10:57:08
USO,2.835,10:57:09
USO,2.8396,10:57:10
USO,2.8305,10:57:11
USO,2.84,10:57:12
USO,2.8399,10:57:13
USO,2.8394,10:57:14
USO,2.84,10:57:15
USO,2.8306,10:57:16
USO,2.8301,10:57:17
USO,2.84,10:57:18
USO,2.835,10:57:19
USO,2.83,10:57:20
USO,2.8357,10:57:21
USO,2.83,10:57:22
USO,2.835,10:57:23
USO,2.8335,10:57:24
USO,2.835,10:57:25
USO,2.84,10:57:26
USO,2.835,10:57:27
USO,2.84,10:57:28
USO,2.835,10:57:29
USO,2.8399,10:57:30
USO,2.83,10:57:32
USO,2.84,10:57:33
USO,2.83,10:57:34
USO,2.84,10:57:35
USO,2.835,10:57:36
USO,2.8398,10:57:37
USO,2.84,10:57:38
USO,2.8358,10:57:39
USO,2.83,10:57:41
USO,2.8301,10:57:42
USO,2.84,10:57:43
USO,2.8351,10:57:44
USO,2.8394,10:57:45
USO,2.835,10:57:46
USO,2.83,10:57:47
USO,2.8399,10:57:48
USO,2.83,10:57:49
USO,2.835,10:57:50
USO,2.8399,10:57:51
USO,2.84,10:57:52
USO,2.8304,10:57:53
USO,2.8399,10:57:54
USO,2.84,10:57:55
USO,2.835,10:57:56
USO,2.8301,10:57:57
USO,2.8399,10:57:58
USO,2.83,10:57:59
USO,2.8373,10:58:00
USO,2.8348,10:58:01
USO,2.8327,10:58:02
USO,2.84,10:58:03
USO,2.83,10:58:04
USO,2.8302,10:58:05
USO,2.8396,10:58:06
USO,2.8306,10:58:07
USO,2.84,10:58:08
USO,2.835,10:58:10
USO,2.84,10:58:11
USO,2.83,10:58:12
USO,2.835,10:58:13
USO,2.8399,10:58:14
USO,2.8394,10:58:15
USO,2.835,10:58:16
USO,2.8336,10:58:17
USO,2.8352,10:58:18
USO,2.8394,10:58:19
USO,2.84,10:58:20
USO,2.8399,10:58:21
USO,2.8303,10:58:22
USO,2.83,10:58:23
USO,2.8302,10:58:24
USO,2.8386,10:58:25
USO,2.8399,10:58:26
USO,2.83,10:58:27
USO,2.84,10:58:28
USO,2.8339,10:58:30
USO,2.84,10:58:31
USO,2.8394,10:58:32
USO,2.83,10:58:33
USO,2.8303,10:58:35
USO,2.83,10:58:36
USO,2.8399,10:58:38
USO,2.825,10:58:39
USO,2.83,10:58:40
USO,2.8264,10:58:41
USO,2.8299,10:58:42
USO,2.825,10:58:43
USO,2.8299,10:58:44
USO,2.8214,10:58:45
USO,2.825,10:58:46
USO,2.82,10:58:47
USO,2.8274,10:58:48
USO,2.82,10:58:49
USO,2.825,10:58:50
USO,2.8298,10:58:51
USO,2.825,10:58:52
USO,2.8274,10:58:54
USO,2.825,10:58:55
USO,2.83,10:58:56
USO,2.825,10:58:57
USO,2.83,10:58:58
USO,2.8299,10:58:59
USO,2.83,10:59:00
USO,2.825,10:59:01
USO,2.83,10:59:02
USO,2.8394,10:59:03
USO,2.84,10:59:04
USO,2.83,10:59:05
USO,2.84,10:59:07
USO,2.8301,10:59:07
USO,2.8358,10:59:08
USO,2.8399,10:59:09
USO,2.8301,10:59:11
USO,2.83,10:59:12
USO,2.8214,10:59:13
USO,2.8202,10:59:14
USO,2.83,10:59:15
USO,2.8205,10:59:16
USO,2.82,10:59:17
USO,2.8299,10:59:18
USO,2.83,10:59:19
USO,2.8301,10:59:22
USO,2.8399,10:59:23
USO,2.83,10:59:24
USO,2.8399,10:59:25
USO,2.83,10:59:26
USO,2.84,10:59:27
USO,2.835,10:59:28
USO,2.84,10:59:29
USO,2.83,10:59:30
USO,2.825,10:59:31
USO,2.83,10:59:32
USO,2.825,10:59:33
USO,2.83,10:59:34
USO,2.825,10:59:35
USO,2.8273,10:59:36
USO,2.83,10:59:37
USO,2.82,10:59:39
USO,2.8279,10:59:40
USO,2.82,10:59:41
USO,2.8299,10:59:42
USO,2.8203,10:59:43
USO,2.8284,10:59:44
USO,2.825,10:59:45
USO,2.83,10:59:46
USO,2.8258,10:59:47
USO,2.83,10:59:48
USO,2.8282,10:59:49
USO,2.83,10:59:50
USO,2.8203,10:59:51
USO,2.82,10:59:52
USO,2.8282,10:59:54
USO,2.8285,10:59:55
USO,2.8299,10:59:56
USO,2.83,10:59:57
USO,2.82,11:00:07
USO,2.83,11:00:08
USO,2.825,11:00:09
USO,2.83,11:00:10
USO,2.8277,11:00:11
USO,2.8282,11:00:12
USO,2.83,11:00:13
USO,2.8204,11:00:14
USO,2.83,11:00:15
USO,2.82,11:00:17
USO,2.8298,11:00:18
USO,2.83,11:00:19
USO,2.8276,11:00:21
USO,2.83,11:00:22
USO,2.8266,11:00:23
USO,2.82,11:00:24
USO,2.83,11:00:25
USO,2.825,11:00:26
USO,2.8227,11:00:27
USO,2.8201,11:00:28
USO,2.825,11:00:29
USO,2.8238,11:00:30
USO,2.83,11:00:31
USO,2.825,11:00:32
USO,2.8264,11:00:34
USO,2.825,11:00:35
USO,2.82,11:00:36
USO,2.83,11:00:37
USO,2.8214,11:00:38
USO,2.8243,11:00:40
USO,2.8298,11:00:41
USO,2.82,11:00:42
USO,2.8242,11:00:43
USO,2.8202,11:00:44
USO,2.82,11:00:45
USO,2.8201,11:00:46
USO,2.8295,11:00:47
USO,2.82,11:00:48
USO,2.825,11:00:49
USO,2.82,11:00:50
USO,2.825,11:00:52
USO,2.82,11:00:53
USO,2.825,11:00:56
USO,2.83,11:00:57
USO,2.825,11:00:58
USO,2.82,11:00:59
USO,2.825,11:01:00
USO,2.82,11:01:01
USO,2.8201,11:01:02
USO,2.825,11:01:03
USO,2.82,11:01:04
USO,2.825,11:01:05
USO,2.82,11:01:06
USO,2.821,11:01:08
USO,2.82,11:01:09
USO,2.8201,11:01:10
USO,2.82,11:01:11
USO,2.8201,11:01:12
USO,2.82,11:01:13
USO,2.8295,11:01:15
USO,2.8101,11:01:16
USO,2.8104,11:01:17
USO,2.8101,11:01:18
USO,2.81,11:01:19
USO,2.82,11:01:20
USO,2.81,11:01:21
USO,2.82,11:01:22
USO,2.815,11:01:23
USO,2.81,11:01:24
USO,2.82,11:01:25
USO,2.81,11:01:26
USO,2.82,11:01:28
USO,2.8101,11:01:29
USO,2.81,11:01:30
USO,2.8101,11:01:31
USO,2.82,11:01:32
USO,2.8101,11:01:33
USO,2.82,11:01:34
USO,2.8194,11:01:35
USO,2.81,11:01:37
USO,2.815,11:01:38
USO,2.8104,11:01:39
USO,2.8162,11:01:40
USO,2.8115,11:01:41
USO,2.8118,11:01:42
USO,2.8104,11:01:43
USO,2.815,11:01:44
USO,2.812,11:01:45
USO,2.8199,11:01:46
USO,2.81,11:01:47
USO,2.8101,11:01:48
USO,2.8121,11:01:49
USO,2.815,11:01:50
USO,2.8194,11:01:51
USO,2.8199,11:01:52
USO,2.81,11:01:53
USO,2.8108,11:01:54
USO,2.8142,11:01:55
USO,2.8119,11:01:56
USO,2.8173,11:01:57
USO,2.8194,11:01:58
USO,2.8114,11:01:59
USO,2.815,11:02:00
USO,2.81,11:02:01
USO,2.8196,11:02:03
USO,2.81,11:02:04
USO,2.815,11:02:06
USO,2.8127,11:02:07
USO,2.81,11:02:08
USO,2.8194,11:02:09
USO,2.8198,11:02:10
USO,2.81,11:02:11
USO,2.8112,11:02:12
USO,2.81,11:02:13
USO,2.8104,11:02:14
USO,2.8194,11:02:15
USO,2.815,11:02:16
USO,2.81,11:02:17
USO,2.8102,11:02:18
USO,2.8194,11:02:19
USO,2.815,11:02:20
USO,2.8185,11:02:21
USO,2.81,11:02:22
USO,2.8197,11:02:23
USO,2.81,11:02:24
USO,2.82,11:02:26
USO,2.81,11:02:27
USO,2.8194,11:02:28
USO,2.81,11:02:29
USO,2.82,11:02:30
USO,2.81,11:02:31
USO,2.82,11:02:32
USO,2.8101,11:02:34
USO,2.82,11:02:35
USO,2.8103,11:02:36
USO,2.8198,11:02:37
USO,2.82,11:02:38
USO,2.81,11:02:39
USO,2.805,11:02:41
USO,2.8031,11:02:44
USO,2.805,11:02:45
USO,2.8,11:02:47
USO,2.805,11:02:48
USO,2.81,11:02:49
USO,2.8014,11:02:50
USO,2.8099,11:02:51
USO,2.805,11:02:52
USO,2.8071,11:02:53
USO,2.805,11:02:54
USO,2.8014,11:02:56
USO,2.805,11:02:57
USO,2.8068,11:02:58
USO,2.807,11:02:59
USO,2.8,11:03:00
USO,2.81,11:03:01
USO,2.8,11:03:02
USO,2.807,11:03:03
USO,2.805,11:03:04
USO,2.8,11:03:06
USO,2.8097,11:03:07
USO,2.8095,11:03:08
USO,2.81,11:03:09
USO,2.8,11:03:10
USO,2.805,11:03:11
USO,2.81,11:03:12
USO,2.805,11:03:13
USO,2.8003,11:03:14
USO,2.8061,11:03:15
USO,2.805,11:03:16
USO,2.81,11:03:17
USO,2.8038,11:03:18
USO,2.8,11:03:19
USO,2.81,11:03:20
USO,2.8002,11:03:21
USO,2.8014,11:03:22
USO,2.806,11:03:23
USO,2.8038,11:03:24
USO,2.8051,11:03:25
USO,2.8,11:03:26
USO,2.81,11:03:27
USO,2.8099,11:03:28
USO,2.8043,11:03:29
USO,2.81,11:03:30
USO,2.8003,11:03:32
USO,2.806,11:03:32
USO,2.81,11:03:33
USO,2.8,11:03:35
USO,2.81,11:03:36
USO,2.805,11:03:37
USO,2.8098,11:03:38
USO,2.8101,11:03:40
USO,2.815,11:03:40
USO,2.82,11:03:41
USO,2.81,11:03:42
USO,2.8101,11:03:46
USO,2.815,11:03:47
USO,2.81,11:03:48
USO,2.8101,11:03:49
USO,2.82,11:03:50
USO,2.8166,11:03:51
USO,2.815,11:03:52
USO,2.81,11:03:53
USO,2.815,11:03:55
USO,2.81,11:03:56
USO,2.8194,11:03:57
USO,2.815,11:03:58
USO,2.81,11:03:59
USO,2.815,11:04:00
USO,2.81,11:04:01
USO,2.8196,11:04:02
USO,2.82,11:04:03
USO,2.81,11:04:04
USO,2.805,11:04:06
USO,2.81,11:04:07
USO,2.805,11:04:08
USO,2.81,11:04:09
USO,2.8099,11:04:10
USO,2.81,11:04:11
USO,2.815,11:04:12
USO,2.8101,11:04:13
USO,2.82,11:04:14
USO,2.815,11:04:15
USO,2.81,11:04:17
USO,2.815,11:04:18
USO,2.81,11:04:19
USO,2.805,11:04:22
USO,2.8003,11:04:24
USO,2.805,11:04:25
USO,2.81,11:04:26
USO,2.805,11:04:27
USO,2.8,11:04:28
USO,2.805,11:04:29
USO,2.81,11:04:30
USO,2.8099,11:04:31
USO,2.81,11:04:32
USO,2.8,11:04:33
USO,2.81,11:04:34
USO,2.8078,11:04:35
USO,2.81,11:04:36
USO,2.8099,11:04:37
USO,2.81,11:04:38
USO,2.8,11:04:42
USO,2.8014,11:04:43
USO,2.81,11:04:44
USO,2.805,11:04:45
USO,2.81,11:04:48
USO,2.8,11:04:49
USO,2.8014,11:04:50
USO,2.8088,11:04:51
USO,2.8027,11:04:52
USO,2.805,11:04:54
USO,2.8002,11:04:54
USO,2.805,11:04:56
USO,2.81,11:04:56
USO,2.8068,11:04:58
USO,2.8034,11:04:59
USO,2.805,11:05:00
USO,2.8,11:05:01
USO,2.8072,11:05:02
USO,2.805,11:05:03
USO,2.8,11:05:04
USO,2.8097,11:05:05
USO,2.8039,11:05:06
USO,2.805,11:05:07
USO,2.8097,11:05:08
USO,2.805,11:05:09
USO,2.81,11:05:10
USO,2.805,11:05:11
USO,2.8095,11:05:12
USO,2.8041,11:05:13
USO,2.8031,11:05:14
USO,2.803,11:05:15
USO,2.8003,11:05:16
USO,2.804,11:05:17
USO,2.8034,11:05:18
USO,2.8,11:05:19
USO,2.8005,11:05:21
USO,2.802,11:05:22
USO,2.805,11:05:23
USO,2.8,11:05:24
USO,2.81,11:05:27
USO,2.8,11:05:28
USO,2.805,11:05:29
USO,2.8027,11:05:30
USO,2.8099,11:05:31
USO,2.8,11:05:32
USO,2.805,11:05:33
USO,2.8095,11:05:34
USO,2.8,11:05:35
USO,2.8001,11:05:36
USO,2.805,11:05:37
USO,2.81,11:05:38
USO,2.8,11:05:40
USO,2.805,11:05:41
USO,2.8,11:05:42
USO,2.81,11:05:43
USO,2.805,11:05:44
USO,2.8,11:05:47
USO,2.805,11:05:48
USO,2.8095,11:05:49
USO,2.805,11:05:50
USO,2.8,11:05:51
USO,2.8011,11:05:52
USO,2.8,11:05:53
USO,2.8003,11:05:55
USO,2.79,11:05:56
USO,2.7901,11:05:58
USO,2.79,11:05:59
USO,2.7901,11:06:00
USO,2.8,11:06:01
USO,2.7867,11:06:02
USO,2.785,11:06:03
USO,2.7801,11:06:04
USO,2.785,11:06:05
USO,2.8,11:06:06
USO,2.79,11:06:07
USO,2.795,11:06:09
USO,2.8,11:06:10
USO,2.79,11:06:11
USO,2.8,11:06:13
USO,2.79,11:06:14
USO,2.7995,11:06:15
USO,2.79,11:06:16
USO,2.7901,11:06:17
USO,2.795,11:06:18
USO,2.79,11:06:19
USO,2.7923,11:06:20
USO,2.8,11:06:21
USO,2.7998,11:06:22
USO,2.7995,11:06:23
USO,2.8,11:06:24
USO,2.7932,11:06:25
USO,2.8,11:06:26
USO,2.795,11:06:27
USO,2.7923,11:06:29
USO,2.8,11:06:30
USO,2.79,11:06:31
USO,2.7904,11:06:32
USO,2.8,11:06:33
USO,2.795,11:06:34
USO,2.7995,11:06:35
USO,2.795,11:06:36
USO,2.8,11:06:37
USO,2.79,11:06:38
USO,2.7936,11:06:39
USO,2.8,11:06:41
USO,2.7999,11:06:42
USO,2.7934,11:06:43
USO,2.79,11:06:44
USO,2.8,11:06:45
USO,2.795,11:06:47
USO,2.8,11:06:48
USO,2.7995,11:06:49
USO,2.7948,11:06:50
USO,2.8,11:06:51
USO,2.7999,11:06:52
USO,2.795,11:06:53
USO,2.7999,11:06:54
USO,2.7908,11:06:55
USO,2.8,11:06:56
USO,2.79,11:06:57
USO,2.8,11:06:58
USO,2.7957,11:06:59
USO,2.7999,11:07:00
USO,2.8,11:07:01
USO,2.7966,11:07:02
USO,2.7909,11:07:03
USO,2.81,11:07:04
USO,2.8005,11:07:05
USO,2.8,11:07:06
USO,2.81,11:07:07
USO,2.8099,11:07:09
USO,2.8004,11:07:10
USO,2.8,11:07:11
USO,2.8098,11:07:12
USO,2.805,11:07:13
USO,2.81,11:07:14
USO,2.8,11:07:15
USO,2.805,11:07:16
USO,2.8061,11:07:17
USO,2.81,11:07:18
USO,2.8004,11:07:19
USO,2.8097,11:07:20
USO,2.8098,11:07:22
USO,2.805,11:07:23
USO,2.8099,11:07:24
USO,2.81,11:07:25
USO,2.8097,11:07:26
USO,2.81,11:07:27
USO,2.8002,11:07:28
USO,2.8004,11:07:29
USO,2.81,11:07:30
USO,2.8096,11:07:31
USO,2.8,11:07:32
USO,2.81,11:07:33
USO,2.8001,11:07:34
USO,2.81,11:07:35
USO,2.8096,11:07:36
USO,2.8048,11:07:37
USO,2.805,11:07:38
USO,2.81,11:07:39
USO,2.803,11:07:40
USO,2.8,11:07:41
USO,2.81,11:07:42
USO,2.8057,11:07:44
USO,2.8099,11:07:45
USO,2.81,11:07:46
USO,2.805,11:07:47
USO,2.8,11:07:49
USO,2.8098,11:07:50
USO,2.805,11:07:51
USO,2.81,11:07:52
USO,2.8095,11:07:54
USO,2.805,11:07:54
USO,2.8001,11:07:56
USO,2.8,11:07:57
USO,2.8036,11:07:58
USO,2.8095,11:07:59
USO,2.8052,11:08:00
USO,2.805,11:08:01
USO,2.81,11:08:03
USO,2.8032,11:08:05
USO,2.8001,11:08:05
USO,2.81,11:08:07
USO,2.8,11:08:09
USO,2.81,11:08:10
USO,2.805,11:08:11
USO,2.8004,11:08:12
USO,2.8,11:08:13
USO,2.81,11:08:14
USO,2.8,11:08:15
USO,2.7995,11:08:17
USO,2.795,11:08:18
USO,2.8,11:08:19
USO,2.7995,11:08:20
USO,2.8,11:08:21
USO,2.795,11:08:22
USO,2.79,11:08:23
USO,2.7961,11:08:24
USO,2.79,11:08:25
USO,2.8,11:08:26
USO,2.793,11:08:27
USO,2.798,11:08:28
USO,2.795,11:08:29
USO,2.792,11:08:31
USO,2.79,11:08:32
USO,2.8,11:08:33
USO,2.795,11:08:35
USO,2.7998,11:08:36
USO,2.795,11:08:37
USO,2.79,11:08:38
USO,2.8,11:08:39
USO,2.7995,11:08:40
USO,2.7903,11:08:41
USO,2.7995,11:08:42
USO,2.7998,11:08:43
USO,2.8,11:08:44
USO,2.7901,11:08:45
USO,2.7995,11:08:46
USO,2.8,11:08:47
USO,2.7995,11:08:48
USO,2.7998,11:08:49
USO,2.7901,11:08:50
USO,2.7997,11:08:51
USO,2.7906,11:08:52
USO,2.79,11:08:53
USO,2.7901,11:08:54
USO,2.7902,11:08:55
USO,2.7995,11:08:56
USO,2.7991,11:08:57
USO,2.7932,11:08:58
USO,2.795,11:08:59
USO,2.7905,11:09:00
USO,2.7995,11:09:01
USO,2.8,11:09:02
USO,2.79,11:09:04
USO,2.7995,11:09:04
USO,2.7999,11:09:05
USO,2.8,11:09:06
USO,2.7998,11:09:09
USO,2.79,11:09:10
USO,2.8,11:09:11
USO,2.79,11:09:12
USO,2.795,11:09:13
USO,2.79,11:09:14
USO,2.8,11:09:15
USO,2.79,11:09:16
USO,2.7901,11:09:18
USO,2.796,11:09:19
USO,2.7937,11:09:20
USO,2.785,11:09:21
USO,2.7814,11:09:22
USO,2.7801,11:09:23
USO,2.79,11:09:24
USO,2.7898,11:09:25
USO,2.7885,11:09:26
USO,2.79,11:09:27
USO,2.7899,11:09:28
USO,2.785,11:09:29
USO,2.79,11:09:30
USO,2.785,11:09:31
USO,2.7899,11:09:32
USO,2.785,11:09:33
USO,2.79,11:09:34
USO,2.7873,11:09:35
USO,2.7814,11:09:36
USO,2.79,11:09:37
USO,2.7912,11:09:40
USO,2.7905,11:09:41
USO,2.7902,11:09:42
USO,2.795,11:09:43
USO,2.7915,11:09:44
USO,2.8,11:09:45
USO,2.7901,11:09:46
USO,2.795,11:09:47
USO,2.79,11:09:48
USO,2.7927,11:09:49
USO,2.795,11:09:50
USO,2.7906,11:09:51
USO,2.795,11:09:52
USO,2.7915,11:09:53
USO,2.7901,11:09:54
USO,2.7999,11:09:55
USO,2.79,11:09:56
USO,2.8,11:09:57
USO,2.795,11:09:59
USO,2.7901,11:10:00
USO,2.7974,11:10:01
USO,2.7997,11:10:02
USO,2.8,11:10:03
USO,2.795,11:10:04
USO,2.8,11:10:06
USO,2.7999,11:10:07
USO,2.8,11:10:08
USO,2.8005,11:10:10
USO,2.8039,11:10:11
USO,2.81,11:10:12
USO,2.8037,11:10:13
USO,2.81,11:10:14
USO,2.8004,11:10:15
USO,2.805,11:10:16
USO,2.8001,11:10:17
USO,2.8098,11:10:18
USO,2.81,11:10:19
USO,2.805,11:10:20
USO,2.801,11:10:21
USO,2.81,11:10:22
USO,2.8069,11:10:24
USO,2.8002,11:10:25
USO,2.805,11:10:27
USO,2.8099,11:10:28
USO,2.8095,11:10:29
USO,2.8071,11:10:30
USO,2.8064,11:10:31
USO,2.8,11:10:32
USO,2.805,11:10:33
USO,2.8058,11:10:35
USO,2.81,11:10:36
USO,2.805,11:10:38
USO,2.8096,11:10:39
USO,2.8001,11:10:40
USO,2.8056,11:10:41
USO,2.81,11:10:42
USO,2.8099,11:10:43
USO,2.8055,11:10:44
USO,2.8098,11:10:46
USO,2.808,11:10:47
USO,2.8001,11:10:48
USO,2.8,11:10:49
USO,2.8002,11:10:50
USO,2.8,11:10:51
USO,2.805,11:10:52
USO,2.8095,11:10:53
USO,2.8,11:10:54
USO,2.805,11:10:55
USO,2.8,11:10:57
USO,2.805,11:10:59
USO,2.8096,11:11:00
USO,2.8058,11:11:01
USO,2.8001,11:11:02
USO,2.8095,11:11:03
USO,2.8099,11:11:04
USO,2.81,11:11:05
USO,2.8,11:11:06
USO,2.81,11:11:07
USO,2.8,11:11:08
USO,2.8027,11:11:09
USO,2.8,11:11:10
USO,2.8001,11:11:13
USO,2.8037,11:11:14
USO,2.8095,11:11:15
USO,2.8,11:11:16
USO,2.805,11:11:18
USO,2.81,11:11:20
USO,2.805,11:11:21
USO,2.8095,11:11:22
USO,2.8,11:11:23
USO,2.81,11:11:24
USO,2.805,11:11:25
USO,2.81,11:11:26
USO,2.8095,11:11:27
USO,2.8,11:11:28
USO,2.81,11:11:29
USO,2.8,11:11:30
USO,2.805,11:11:31
USO,2.8,11:11:33
USO,2.795,11:11:34
USO,2.79,11:11:36
USO,2.7906,11:11:37
USO,2.8,11:11:38
USO,2.795,11:11:39
USO,2.7999,11:11:40
USO,2.795,11:11:41
USO,2.7905,11:11:42
USO,2.7995,11:11:43
USO,2.7901,11:11:44
USO,2.795,11:11:45
USO,2.7996,11:11:46
USO,2.8,11:11:47
USO,2.7999,11:11:48
USO,2.8,11:11:50
USO,2.795,11:11:51
USO,2.79,11:11:52
USO,2.7999,11:11:53
USO,2.79,11:11:54
USO,2.7933,11:11:55
USO,2.79,11:11:56
USO,2.795,11:11:57
USO,2.8,11:11:58
USO,2.795,11:11:59
USO,2.7903,11:12:01
USO,2.79,11:12:02
USO,2.7999,11:12:03
USO,2.8,11:12:04
USO,2.79,11:12:05
USO,2.7905,11:12:06
USO,2.8,11:12:07
USO,2.7906,11:12:08
USO,2.7999,11:12:09
USO,2.8,11:12:10
USO,2.79,11:12:11
USO,2.7936,11:12:15
USO,2.79,11:12:16
USO,2.795,11:12:18
USO,2.7998,11:12:19
USO,2.79,11:12:20
USO,2.7901,11:12:23
USO,2.79,11:12:24
USO,2.7902,11:12:25
USO,2.79,11:12:26
USO,2.7907,11:12:27
USO,2.79,11:12:28
USO,2.7997,11:12:31
USO,2.7995,11:12:32
USO,2.8,11:12:33
USO,2.79,11:12:34
USO,2.7901,11:12:35
USO,2.79,11:12:37
USO,2.7919,11:12:38
USO,2.79,11:12:39
USO,2.795,11:12:40
USO,2.7921,11:12:41
USO,2.79,11:12:42
USO,2.7995,11:12:43
USO,2.79,11:12:44
USO,2.7919,11:12:45
USO,2.79,11:12:46
USO,2.795,11:12:47
USO,2.79,11:12:48
USO,2.795,11:12:49
USO,2.7903,11:12:50
USO,2.8,11:12:51
USO,2.79,11:12:53
USO,2.8,11:12:54
USO,2.79,11:12:56
USO,2.8,11:12:57
USO,2.79,11:12:58
USO,2.8,11:12:59
USO,2.79,11:13:00
USO,2.795,11:13:01
USO,2.7995,11:13:02
USO,2.79,11:13:03
USO,2.7999,11:13:04
USO,2.79,11:13:05
USO,2.7995,11:13:06
USO,2.8,11:13:07
USO,2.79,11:13:08
USO,2.795,11:13:09
USO,2.8,11:13:10
USO,2.79,11:13:11
USO,2.7901,11:13:13
USO,2.8,11:13:14
USO,2.79,11:13:15
USO,2.8,11:13:16
USO,2.79,11:13:18
USO,2.8,11:13:20
USO,2.79,11:13:21
USO,2.7958,11:13:22
USO,2.79,11:13:23
USO,2.795,11:13:24
USO,2.7991,11:13:25
USO,2.79,11:13:26
USO,2.8,11:13:27
USO,2.7944,11:13:30
USO,2.7902,11:13:31
USO,2.8,11:13:32
USO,2.7999,11:13:33
USO,2.8,11:13:34
USO,2.79,11:13:35
USO,2.8,11:13:36
USO,2.79,11:13:38
USO,2.798,11:13:39
USO,2.805,11:13:40
USO,2.8027,11:13:41
USO,2.8,11:13:42
USO,2.81,11:13:43
USO,2.8086,11:13:44
USO,2.8,11:13:45
USO,2.7937,11:13:48
USO,2.795,11:13:49
USO,2.8,11:13:50
USO,2.7908,11:13:51
USO,2.7903,11:13:52
USO,2.8,11:13:53
USO,2.7939,11:13:54
USO,2.7986,11:13:55
USO,2.79,11:13:56
USO,2.7901,11:13:57
USO,2.795,11:13:58
USO,2.7958,11:13:59
USO,2.7915,11:14:00
USO,2.7966,11:14:01
USO,2.7984,11:14:02
USO,2.8,11:14:03
USO,2.795,11:14:04
USO,2.7901,11:14:05
USO,2.7961,11:14:06
USO,2.7901,11:14:07
USO,2.795,11:14:08
USO,2.7915,11:14:09
USO,2.7925,11:14:10
USO,2.795,11:14:11
USO,2.79,11:14:12
USO,2.795,11:14:13
USO,2.7922,11:14:14
USO,2.79,11:14:15
USO,2.7958,11:14:17
USO,2.79,11:14:18
USO,2.795,11:14:20
USO,2.79,11:14:21
USO,2.795,11:14:24
USO,2.785,11:14:25
USO,2.7804,11:14:26
USO,2.785,11:14:27
USO,2.78,11:14:28
USO,2.785,11:14:29
USO,2.79,11:14:30
USO,2.785,11:14:31
USO,2.79,11:14:33
USO,2.7806,11:14:34
USO,2.79,11:14:35
USO,2.78,11:14:36
USO,2.7897,11:14:37
USO,2.78,11:14:38
USO,2.7899,11:14:39
USO,2.79,11:14:40
USO,2.7899,11:14:41
USO,2.79,11:14:42
USO,2.7801,11:14:43
USO,2.7886,11:14:44
USO,2.79,11:14:45
USO,2.7801,11:14:46
USO,2.79,11:14:47
USO,2.78,11:14:48
USO,2.79,11:14:49
USO,2.795,11:14:50
USO,2.79,11:14:51
USO,2.7902,11:14:53
USO,2.79,11:14:54
USO,2.795,11:14:56
USO,2.79,11:14:57
USO,2.7995,11:14:58
USO,2.7901,11:14:59
USO,2.79,11:15:00
USO,2.8,11:15:01
USO,2.795,11:15:02
USO,2.79,11:15:03
USO,2.7901,11:15:04
USO,2.79,11:15:05
USO,2.795,11:15:06
USO,2.79,11:15:07
USO,2.7994,11:15:08
USO,2.7901,11:15:09
USO,2.795,11:15:10
USO,2.8,11:15:11
USO,2.7909,11:15:12
USO,2.79,11:15:13
USO,2.795,11:15:14
USO,2.7999,11:15:16
USO,2.795,11:15:17
USO,2.79,11:15:18
USO,2.8,11:15:19
USO,2.79,11:15:20
USO,2.8,11:15:21
USO,2.795,11:15:22
USO,2.8,11:15:23
USO,2.795,11:15:24
USO,2.79,11:15:25
USO,2.795,11:15:26
USO,2.8,11:15:28
USO,2.79,11:15:29
USO,2.8,11:15:30
USO,2.7909,11:15:31
USO,2.7997,11:15:32
USO,2.795,11:15:33
USO,2.8,11:15:34
USO,2.7999,11:15:35
USO,2.795,11:15:36
USO,2.8,11:15:39
USO,2.795,11:15:40
USO,2.79,11:15:41
USO,2.8,11:15:42
USO,2.795,11:15:46
USO,2.8,11:15:47
USO,2.7966,11:15:50
USO,2.8,11:15:51
USO,2.7971,11:15:52
USO,2.7999,11:15:53
USO,2.8,11:15:54
USO,2.795,11:15:55
USO,2.7998,11:15:56
USO,2.8,11:15:57
USO,2.795,11:15:58
USO,2.7977,11:15:59
USO,2.795,11:16:01
USO,2.8,11:16:02
USO,2.7976,11:16:03
USO,2.8,11:16:04
USO,2.7925,11:16:06
USO,2.8,11:16:07
USO,2.79,11:16:10
USO,2.8,11:16:11
USO,2.7981,11:16:12
USO,2.8,11:16:13
USO,2.798,11:16:14
USO,2.8,11:16:15
USO,2.7911,11:16:16
USO,2.8,11:16:17
USO,2.795,11:16:19
USO,2.8,11:16:20
USO,2.8043,11:16:22
USO,2.81,11:16:23
USO,2.805,11:16:24
USO,2.8008,11:16:25
USO,2.8,11:16:26
USO,2.805,11:16:27
USO,2.8,11:16:28
USO,2.8053,11:16:32
USO,2.805,11:16:33
USO,2.81,11:16:34
USO,2.8,11:16:36
USO,2.8001,11:16:37
USO,2.805,11:16:38
USO,2.8,11:16:39
USO,2.81,11:16:40
USO,2.8,11:16:41
USO,2.8086,11:16:42
USO,2.8,11:16:43
USO,2.81,11:16:46
USO,2.795,11:16:47
USO,2.8,11:16:48
USO,2.79,11:16:49
USO,2.7985,11:16:50
USO,2.7914,11:16:51
USO,2.7999,11:16:52
USO,2.8,11:16:53
USO,2.795,11:16:56
USO,2.8,11:16:57
USO,2.795,11:16:58
USO,2.7905,11:17:00
USO,2.7999,11:17:01
USO,2.7996,11:17:02
USO,2.7986,11:17:03
USO,2.7999,11:17:04
USO,2.8,11:17:06
USO,2.7999,11:17:07
USO,2.7996,11:17:08
USO,2.79,11:17:09
USO,2.7995,11:17:10
USO,2.8,11:17:11
USO,2.795,11:17:13
USO,2.8,11:17:14
USO,2.7995,11:17:15
USO,2.8,11:17:17
USO,2.79,11:17:18
USO,2.8,11:17:19
USO,2.795,11:17:20
USO,2.8,11:17:21
USO,2.7999,11:17:22
USO,2.7914,11:17:23
USO,2.79,11:17:25
USO,2.798,11:17:26
USO,2.795,11:17:27
USO,2.7914,11:17:28
USO,2.8,11:17:29
USO,2.7999,11:17:32
USO,2.8,11:17:34
USO,2.7983,11:17:35
USO,2.7999,11:17:36
USO,2.8,11:17:37
USO,2.795,11:17:38
USO,2.79,11:17:39
USO,2.7901,11:17:40
USO,2.795,11:17:41
USO,2.8,11:17:42
USO,2.7914,11:17:43
USO,2.7977,11:17:45
USO,2.7911,11:17:46
USO,2.7975,11:17:47
USO,2.795,11:17:48
USO,2.7999,11:17:49
USO,2.7998,11:17:50
USO,2.8,11:17:52
USO,2.7972,11:17:54
USO,2.7902,11:17:55
USO,2.7969,11:17:56
USO,2.79,11:17:57
USO,2.7973,11:17:58
USO,2.8,11:17:59
USO,2.79,11:18:00
USO,2.8,11:18:01
USO,2.79,11:18:02
USO,2.8,11:18:03
USO,2.79,11:18:04
USO,2.7903,11:18:05
USO,2.795,11:18:06
USO,2.7962,11:18:07
USO,2.79,11:18:08
USO,2.795,11:18:10
USO,2.79,11:18:11
USO,2.795,11:18:12
USO,2.7904,11:18:13
USO,2.8,11:18:14
USO,2.79,11:18:15
USO,2.795,11:18:16
USO,2.79,11:18:17
USO,2.7926,11:18:18
USO,2.795,11:18:19
USO,2.8,11:18:20
USO,2.79,11:18:21
USO,2.795,11:18:23
USO,2.7941,11:18:24
USO,2.79,11:18:25
USO,2.7938,11:18:29
USO,2.8,11:18:30
USO,2.7995,11:18:31
USO,2.8,11:18:32
USO,2.795,11:18:33
USO,2.7997,11:18:34
USO,2.79,11:18:35
USO,2.7995,11:18:36
USO,2.8,11:18:37
USO,2.795,11:18:38
USO,2.79,11:18:39
USO,2.7901,11:18:42
USO,2.79,11:18:43
USO,2.8,11:18:44
USO,2.795,11:18:45
USO,2.7901,11:18:47
USO,2.79,11:18:48
USO,2.7995,11:18:49
USO,2.8,11:18:50
USO,2.7995,11:18:51
USO,2.7912,11:18:52
USO,2.7914,11:18:53
USO,2.7995,11:18:54
USO,2.8,11:18:55
USO,2.79,11:18:56
USO,2.7901,11:18:57
USO,2.7902,11:18:58
USO,2.7914,11:18:59
USO,2.7905,11:19:00
USO,2.7901,11:19:02
USO,2.8,11:19:03
USO,2.7921,11:19:04
USO,2.79,11:19:05
USO,2.7996,11:19:06
USO,2.795,11:19:07
USO,2.79,11:19:08
USO,2.791,11:19:09
USO,2.795,11:19:10
USO,2.7996,11:19:11
USO,2.791,11:19:12
USO,2.795,11:19:13
USO,2.8,11:19:14
USO,2.7901,11:19:16
USO,2.7975,11:19:16
USO,2.8,11:19:17
USO,2.7915,11:19:18
USO,2.8,11:19:19
USO,2.7911,11:19:20
USO,2.795,11:19:21
USO,2.79,11:19:22
USO,2.7901,11:19:23
USO,2.7916,11:19:24
USO,2.795,11:19:26
USO,2.7917,11:19:27
USO,2.795,11:19:28
USO,2.8,11:19:29
USO,2.795,11:19:30
USO,2.79,11:19:31
USO,2.7998,11:19:32
USO,2.7934,11:19:33
USO,2.79,11:19:34
USO,2.7902,11:19:36
USO,2.8,11:19:37
USO,2.79,11:19:38
USO,2.7981,11:19:39
USO,2.79,11:19:40
USO,2.794,11:19:41
USO,2.79,11:19:42
USO,2.795,11:19:43
USO,2.79,11:19:44
USO,2.795,11:19:45
USO,2.8,11:19:48
USO,2.795,11:19:49
USO,2.8,11:19:50
USO,2.79,11:19:51
USO,2.7902,11:19:53
USO,2.79,11:19:54
USO,2.795,11:19:55
USO,2.7988,11:19:57
USO,2.795,11:19:58
USO,2.79,11:19:59
USO,2.8,11:19:59
USO,2.79,11:20:01
USO,2.7997,11:20:02
USO,2.7921,11:20:03
USO,2.79,11:20:04
USO,2.795,11:20:05
USO,2.7986,11:20:08
USO,2.79,11:20:09
USO,2.7986,11:20:14
USO,2.7993,11:20:15
USO,2.8,11:20:16
USO,2.79,11:20:17
USO,2.8,11:20:19
USO,2.7909,11:20:20
USO,2.7986,11:20:21
USO,2.79,11:20:22
USO,2.7986,11:20:23
USO,2.79,11:20:24
USO,2.7906,11:20:25
USO,2.795,11:20:26
USO,2.7958,11:20:27
USO,2.795,11:20:28
USO,2.79,11:20:29
USO,2.795,11:20:30
USO,2.8,11:20:31
USO,2.79,11:20:32
USO,2.8,11:20:34
USO,2.7999,11:20:35
USO,2.79,11:20:36
USO,2.795,11:20:39
USO,2.79,11:20:40
USO,2.791,11:20:41
USO,2.8,11:20:42
USO,2.7901,11:20:44
USO,2.79,11:20:45
USO,2.7902,11:20:47
USO,2.79,11:20:48
USO,2.785,11:20:49
USO,2.7805,11:20:50
USO,2.79,11:20:51
USO,2.7899,11:20:52
USO,2.781,11:20:54
USO,2.7895,11:20:55
USO,2.7898,11:20:56
USO,2.78,11:20:57
USO,2.7895,11:20:58
USO,2.79,11:20:59
USO,2.787,11:21:00
USO,2.7895,11:21:01
USO,2.7835,11:21:02
USO,2.787,11:21:03
USO,2.78,11:21:04
USO,2.7866,11:21:05
USO,2.78,11:21:06
USO,2.79,11:21:07
USO,2.7895,11:21:08
USO,2.7897,11:21:09
USO,2.7805,11:21:10
USO,2.785,11:21:11
USO,2.78,11:21:12
USO,2.79,11:21:13
USO,2.7832,11:21:15
USO,2.78,11:21:16
USO,2.785,11:21:17
USO,2.79,11:21:18
USO,2.78,11:21:19
USO,2.7828,11:21:20
USO,2.78,11:21:21
USO,2.7805,11:21:23
USO,2.7898,11:21:24
USO,2.785,11:21:25
USO,2.7829,11:21:26
USO,2.78,11:21:27
USO,2.7813,11:21:28
USO,2.79,11:21:29
USO,2.78,11:21:31
USO,2.7857,11:21:31
USO,2.7802,11:21:32
USO,2.78,11:21:34
USO,2.7895,11:21:35
USO,2.7812,11:21:37
USO,2.78,11:21:37
USO,2.79,11:21:39
USO,2.78,11:21:40
USO,2.785,11:21:41
USO,2.78,11:21:42
USO,2.79,11:21:45
USO,2.7806,11:21:46
USO,2.7816,11:21:47
USO,2.7898,11:21:48
USO,2.7801,11:21:49
USO,2.78,11:21:50
USO,2.7898,11:21:51
USO,2.7801,11:21:52
USO,2.78,11:21:53
USO,2.7818,11:21:54
USO,2.78,11:21:55
USO,2.7801,11:21:56
USO,2.785,11:21:58
USO,2.7866,11:21:59
USO,2.78,11:22:00
USO,2.79,11:22:02
USO,2.78,11:22:03
USO,2.7801,11:22:04
USO,2.78,11:22:05
USO,2.7821,11:22:06
USO,2.785,11:22:07
USO,2.78,11:22:08
USO,2.7886,11:22:10
USO,2.78,11:22:11
USO,2.785,11:22:12
USO,2.78,11:22:14
USO,2.7893,11:22:15
USO,2.78,11:22:16
USO,2.775,11:22:17
USO,2.78,11:22:18
USO,2.7797,11:22:19
USO,2.78,11:22:20
USO,2.7701,11:22:21
USO,2.78,11:22:22
USO,2.777,11:22:23
USO,2.7786,11:22:24
USO,2.773,11:22:26
USO,2.775,11:22:27
USO,2.7701,11:22:28
USO,2.77,11:22:29
USO,2.78,11:22:30
USO,2.7789,11:22:31
USO,2.77,11:22:32
USO,2.778,11:22:33
USO,2.7735,11:22:35
USO,2.77,11:22:36
USO,2.78,11:22:36
USO,2.775,11:22:37
USO,2.7712,11:22:39
USO,2.775,11:22:40
USO,2.7704,11:22:41
USO,2.78,11:22:42
USO,2.77,11:22:43
USO,2.7726,11:22:44
USO,2.775,11:22:45
USO,2.78,11:22:46
USO,2.77,11:22:47
USO,2.7703,11:22:48
USO,2.77,11:22:49
USO,2.777,11:22:51
USO,2.7738,11:22:52
USO,2.77,11:22:53
USO,2.7701,11:22:54
USO,2.775,11:22:55
USO,2.77,11:22:56
USO,2.7701,11:22:57
USO,2.7798,11:22:58
USO,2.77,11:22:59
USO,2.78,11:23:00
USO,2.775,11:23:01
USO,2.7704,11:23:02
USO,2.77,11:23:03
USO,2.7704,11:23:04
USO,2.772,11:23:05
USO,2.77,11:23:06
USO,2.7707,11:23:08
USO,2.7711,11:23:09
USO,2.77,11:23:10
USO,2.7765,11:23:11
USO,2.7786,11:23:12
USO,2.76,11:23:13
USO,2.765,11:23:14
USO,2.77,11:23:15
USO,2.765,11:23:16
USO,2.77,11:23:17
USO,2.765,11:23:18
USO,2.76,11:23:19
USO,2.7605,11:23:20
USO,2.77,11:23:21
USO,2.7602,11:23:23
USO,2.7624,11:23:24
USO,2.76,11:23:25
USO,2.7601,11:23:26
USO,2.76,11:23:27
USO,2.77,11:23:28
USO,2.765,11:23:29
USO,2.77,11:23:30
USO,2.7699,11:23:31
USO,2.7692,11:23:32
USO,2.77,11:23:33
USO,2.7699,11:23:35
USO,2.77,11:23:36
USO,2.7601,11:23:37
USO,2.7699,11:23:38
USO,2.765,11:23:39
USO,2.7672,11:23:40
USO,2.76,11:23:41
USO,2.7688,11:23:42
USO,2.7601,11:23:43
USO,2.7639,11:23:44
USO,2.7602,11:23:45
USO,2.7697,11:23:46
USO,2.77,11:23:47
USO,2.765,11:23:49
USO,2.77,11:23:50
USO,2.76,11:23:51
USO,2.77,11:23:52
USO,2.7615,11:23:53
USO,2.77,11:23:54
USO,2.765,11:23:55
USO,2.7675,11:23:56
USO,2.7601,11:23:57
USO,2.765,11:23:58
USO,2.77,11:23:59
USO,2.7614,11:24:01
USO,2.7601,11:24:02
USO,2.77,11:24:03
USO,2.765,11:24:04
USO,2.76,11:24:05
USO,2.765,11:24:06
USO,2.7601,11:24:08
USO,2.7625,11:24:09
USO,2.76,11:24:10
USO,2.765,11:24:11
USO,2.7601,11:24:12
USO,2.7642,11:24:13
USO,2.765,11:24:14
USO,2.76,11:24:15
USO,2.7602,11:24:16
USO,2.77,11:24:17
USO,2.7602,11:24:18
USO,2.76,11:24:19
USO,2.765,11:24:20
USO,2.7606,11:24:21
USO,2.765,11:24:22
USO,2.7699,11:24:23
USO,2.765,11:24:24
USO,2.7699,11:24:25
USO,2.7604,11:24:26
USO,2.7615,11:24:27
USO,2.765,11:24:28
USO,2.7698,11:24:29
USO,2.7696,11:24:30
USO,2.7601,11:24:31
USO,2.7695,11:24:32
USO,2.7601,11:24:33
USO,2.7602,11:24:34
USO,2.765,11:24:36
USO,2.7602,11:24:37
USO,2.7601,11:24:38
USO,2.7628,11:24:39
USO,2.7602,11:24:40
USO,2.7606,11:24:41
USO,2.765,11:24:42
USO,2.76,11:24:43
USO,2.7621,11:24:44
USO,2.7695,11:24:45
USO,2.76,11:24:46
USO,2.765,11:24:47
USO,2.7695,11:24:48
USO,2.7629,11:24:49
USO,2.7601,11:24:50
USO,2.76,11:24:52
USO,2.7601,11:24:53
USO,2.765,11:24:54
USO,2.7601,11:24:56
USO,2.7697,11:24:57
USO,2.7667,11:24:58
USO,2.7601,11:24:59
USO,2.76,11:25:00
USO,2.7695,11:25:01
USO,2.7601,11:25:02
USO,2.76,11:25:03
USO,2.7616,11:25:04
USO,2.7699,11:25:05
USO,2.7601,11:25:06
USO,2.76,11:25:07
USO,2.765,11:25:08
USO,2.7695,11:25:09
USO,2.77,11:25:10
USO,2.7602,11:25:11
USO,2.7601,11:25:12
USO,2.76,11:25:13
USO,2.765,11:25:14
USO,2.7634,11:25:15
USO,2.7601,11:25:16
USO,2.765,11:25:17
USO,2.77,11:25:18
USO,2.765,11:25:19
USO,2.76,11:25:20
USO,2.7601,11:25:21
USO,2.76,11:25:22
USO,2.765,11:25:23
USO,2.76,11:25:24
USO,2.7696,11:25:26
USO,2.765,11:25:26
USO,2.7601,11:25:28
USO,2.7642,11:25:29
USO,2.765,11:25:30
USO,2.7601,11:25:31
USO,2.7602,11:25:32
USO,2.7627,11:25:34
USO,2.764,11:25:35
USO,2.7695,11:25:36
USO,2.76,11:25:37
USO,2.765,11:25:38
USO,2.761,11:25:39
USO,2.7695,11:25:40
USO,2.765,11:25:41
USO,2.76,11:25:43
USO,2.7699,11:25:44
USO,2.7697,11:25:45
USO,2.765,11:25:46
USO,2.7667,11:25:47
USO,2.765,11:25:48
USO,2.7699,11:25:49
USO,2.77,11:25:50
USO,2.7602,11:25:51
USO,2.77,11:25:52
USO,2.765,11:25:53
USO,2.77,11:25:54
USO,2.765,11:25:55
USO,2.77,11:25:57
USO,2.76,11:25:58
USO,2.77,11:25:59
USO,2.76,11:26:00
USO,2.768,11:26:02
USO,2.77,11:26:03
USO,2.7686,11:26:05
USO,2.77,11:26:06
USO,2.7614,11:26:07
USO,2.76,11:26:08
USO,2.7691,11:26:09
USO,2.765,11:26:10
USO,2.766,11:26:11
USO,2.7692,11:26:12
USO,2.761,11:26:13
USO,2.77,11:26:14
USO,2.7675,11:26:15
USO,2.77,11:26:16
USO,2.7661,11:26:17
USO,2.77,11:26:18
USO,2.7673,11:26:19
USO,2.7691,11:26:20
USO,2.765,11:26:21
USO,2.7674,11:26:22
USO,2.7681,11:26:23
USO,2.77,11:26:24
USO,2.7692,11:26:26
USO,2.765,11:26:27
USO,2.7699,11:26:28
USO,2.7666,11:26:29
USO,2.76,11:26:30
USO,2.7663,11:26:31
USO,2.765,11:26:32
USO,2.7691,11:26:33
USO,2.765,11:26:34
USO,2.7614,11:26:35
USO,2.76,11:26:36
USO,2.7698,11:26:37
USO,2.765,11:26:38
USO,2.7693,11:26:39
USO,2.7699,11:26:40
USO,2.765,11:26:42
USO,2.7603,11:26:43
USO,2.77,11:26:44
USO,2.765,11:26:48
USO,2.7693,11:26:48
USO,2.77,11:26:50
USO,2.7683,11:26:51
USO,2.7696,11:26:52
USO,2.77,11:26:53
USO,2.76,11:26:54
USO,2.77,11:26:55
USO,2.7602,11:26:56
USO,2.765,11:26:57
USO,2.7698,11:26:58
USO,2.76,11:26:59
USO,2.77,11:27:00
USO,2.7689,11:27:02
USO,2.77,11:27:03
USO,2.775,11:27:04
USO,2.7799,11:27:05
USO,2.7723,11:27:06
USO,2.78,11:27:07
USO,2.775,11:27:08
USO,2.7711,11:27:10
USO,2.78,11:27:11
USO,2.77,11:27:12
USO,2.775,11:27:13
USO,2.7753,11:27:14
USO,2.7701,11:27:15
USO,2.775,11:27:16
USO,2.77,11:27:17
USO,2.7781,11:27:18
USO,2.78,11:27:19
USO,2.7769,11:27:20
USO,2.7784,11:27:21
USO,2.78,11:27:22
USO,2.775,11:27:24
USO,2.78,11:27:25
USO,2.7776,11:27:26
USO,2.775,11:27:27
USO,2.78,11:27:28
USO,2.785,11:27:31
USO,2.7895,11:27:32
USO,2.78,11:27:33
USO,2.7899,11:27:34
USO,2.79,11:27:35
USO,2.7851,11:27:36
USO,2.7899,11:27:37
USO,2.785,11:27:38
USO,2.78,11:27:39
USO,2.7801,11:27:41
USO,2.7899,11:27:42
USO,2.78,11:27:43
USO,2.7801,11:27:44
USO,2.78,11:27:45
USO,2.785,11:27:47
USO,2.7895,11:27:48
USO,2.79,11:27:49
USO,2.785,11:27:52
USO,2.78,11:27:53
USO,2.785,11:27:54
USO,2.7823,11:27:55
USO,2.7803,11:27:56
USO,2.7824,11:27:57
USO,2.7833,11:27:58
USO,2.7826,11:27:59
USO,2.79,11:28:00
USO,2.78,11:28:02
USO,2.79,11:28:05
USO,2.785,11:28:06
USO,2.78,11:28:07
USO,2.7801,11:28:10
USO,2.78,11:28:11
USO,2.79,11:28:12
USO,2.7896,11:28:13
USO,2.78,11:28:14
USO,2.7871,11:28:15
USO,2.78,11:28:16
USO,2.79,11:28:17
USO,2.7898,11:28:18
USO,2.7895,11:28:19
USO,2.7827,11:28:20
USO,2.7801,11:28:21
USO,2.785,11:28:23
USO,2.7823,11:28:24
USO,2.7827,11:28:25
USO,2.7895,11:28:26
USO,2.7827,11:28:27
USO,2.785,11:28:28
USO,2.7801,11:28:29
USO,2.785,11:28:30
USO,2.7801,11:28:31
USO,2.7822,11:28:32
USO,2.78,11:28:33
USO,2.7864,11:28:34
USO,2.785,11:28:35
USO,2.78,11:28:37
USO,2.7714,11:28:39
USO,2.775,11:28:40
USO,2.7773,11:28:42
USO,2.775,11:28:43
USO,2.78,11:28:44
USO,2.7712,11:28:46
USO,2.7796,11:28:47
USO,2.78,11:28:48
USO,2.7793,11:28:49
USO,2.775,11:28:50
USO,2.778,11:28:51
USO,2.78,11:28:52
USO,2.7764,11:28:53
USO,2.7714,11:28:54
USO,2.78,11:28:55
USO,2.7703,11:28:56
USO,2.78,11:28:57
USO,2.7782,11:28:58
USO,2.77,11:28:59
USO,2.78,11:29:00
USO,2.7706,11:29:01
USO,2.78,11:29:02
USO,2.7784,11:29:05
USO,2.78,11:29:06
USO,2.7781,11:29:07
USO,2.78,11:29:08
USO,2.7703,11:29:10
USO,2.78,11:29:11
USO,2.7701,11:29:12
USO,2.7714,11:29:13
USO,2.7791,11:29:14
USO,2.775,11:29:16
USO,2.7742,11:29:16
USO,2.7734,11:29:18
USO,2.78,11:29:19
USO,2.7795,11:29:21
USO,2.7799,11:29:22
USO,2.78,11:29:23
USO,2.7781,11:29:25
USO,2.775,11:29:26
USO,2.7796,11:29:27
USO,2.78,11:29:28
USO,2.77,11:29:29
USO,2.7784,11:29:30
USO,2.77,11:29:31
USO,2.775,11:29:32
USO,2.78,11:29:33
USO,2.7798,11:29:34
USO,2.78,11:29:35
USO,2.775,11:29:37
USO,2.77,11:29:38
USO,2.775,11:29:39
USO,2.7709,11:29:40
USO,2.7797,11:29:41
USO,2.7706,11:29:42
USO,2.7791,11:29:43
USO,2.7766,11:29:44
USO,2.77,11:29:45
USO,2.78,11:29:46
USO,2.77,11:29:47
USO,2.78,11:29:49
USO,2.7746,11:29:52
USO,2.7711,11:29:53
USO,2.77,11:29:54
USO,2.78,11:29:55
USO,2.775,11:29:56
USO,2.78,11:29:57
USO,2.775,11:29:58
USO,2.78,11:29:59
USO,2.7764,11:30:03
USO,2.78,11:30:04
USO,2.7799,11:30:05
USO,2.78,11:30:06
USO,2.77,11:30:07
USO,2.7702,11:30:09
USO,2.78,11:30:10
USO,2.7779,11:30:11
USO,2.7799,11:30:12
USO,2.7711,11:30:13
USO,2.78,11:30:14
USO,2.775,11:30:15
USO,2.78,11:30:16
USO,2.775,11:30:17
USO,2.78,11:30:20
USO,2.7799,11:30:21
USO,2.77,11:30:22
USO,2.7792,11:30:23
USO,2.7714,11:30:24
USO,2.77,11:30:25
USO,2.78,11:30:27
USO,2.775,11:30:28
USO,2.7799,11:30:29
USO,2.775,11:30:30
USO,2.779,11:30:31
USO,2.78,11:30:32
USO,2.779,11:30:33
USO,2.7701,11:30:34
USO,2.78,11:30:35
USO,2.7799,11:30:36
USO,2.775,11:30:37
USO,2.78,11:30:38
USO,2.7775,11:30:39
USO,2.78,11:30:40
USO,2.775,11:30:43
USO,2.78,11:30:44
USO,2.77,11:30:46
USO,2.78,11:30:47
USO,2.7701,11:30:48
USO,2.78,11:30:49
USO,2.775,11:30:51
USO,2.77,11:30:52
USO,2.7788,11:30:53
USO,2.77,11:30:54
USO,2.78,11:30:55
USO,2.7791,11:30:56
USO,2.7793,11:30:57
USO,2.7701,11:30:58
USO,2.78,11:30:59
USO,2.77,11:31:00
USO,2.7799,11:31:02
USO,2.7767,11:31:02
USO,2.78,11:31:03
USO,2.77,11:31:05
USO,2.7799,11:31:06
USO,2.779,11:31:08
USO,2.775,11:31:09
USO,2.7798,11:31:10
USO,2.77,11:31:11
USO,2.7763,11:31:12
USO,2.7761,11:31:13
USO,2.77,11:31:14
USO,2.7714,11:31:16
USO,2.77,11:31:17
USO,2.7767,11:31:18
USO,2.7789,11:31:19
USO,2.78,11:31:20
USO,2.775,11:31:25
USO,2.7796,11:31:26
USO,2.78,11:31:27
USO,2.775,11:31:28
USO,2.7714,11:31:29
USO,2.78,11:31:30
USO,2.7797,11:31:34
USO,2.78,11:31:35
USO,2.775,11:31:37
USO,2.7714,11:31:38
USO,2.78,11:31:39
USO,2.7765,11:31:40
USO,2.7779,11:31:42
USO,2.77,11:31:43
USO,2.78,11:31:44
USO,2.775,11:31:45
USO,2.78,11:31:46
USO,2.7738,11:31:47
USO,2.78,11:31:48
USO,2.775,11:31:49
USO,2.7714,11:31:51
USO,2.78,11:31:52
USO,2.7701,11:31:54
USO,2.7799,11:31:55
USO,2.78,11:31:56
USO,2.7793,11:31:58
USO,2.7704,11:31:59
USO,2.78,11:32:00
USO,2.777,11:32:01
USO,2.78,11:32:02
USO,2.7791,11:32:03
USO,2.78,11:32:04
USO,2.77,11:32:05
USO,2.78,11:32:06
USO,2.775,11:32:07
USO,2.7799,11:32:08
USO,2.78,11:32:09
USO,2.77,11:32:11
USO,2.7779,11:32:12
USO,2.78,11:32:13
USO,2.775,11:32:16
USO,2.7714,11:32:17
USO,2.78,11:32:18
USO,2.7788,11:32:19
USO,2.7798,11:32:20
USO,2.78,11:32:21
USO,2.7784,11:32:22
USO,2.7714,11:32:23
USO,2.77,11:32:24
USO,2.7787,11:32:25
USO,2.7795,11:32:27
USO,2.7799,11:32:28
USO,2.78,11:32:29
USO,2.77,11:32:30
USO,2.7781,11:32:31
USO,2.7735,11:32:32
USO,2.7742,11:32:33
USO,2.7782,11:32:34
USO,2.7792,11:32:35
USO,2.77,11:32:36
USO,2.7799,11:32:37
USO,2.775,11:32:39
USO,2.78,11:32:41
USO,2.775,11:32:42
USO,2.78,11:32:43
USO,2.77,11:32:44
USO,2.78,11:32:45
USO,2.775,11:32:46
USO,2.78,11:32:47
USO,2.7775,11:32:48
USO,2.7795,11:32:49
USO,2.77,11:32:50
USO,2.775,11:32:53
USO,2.77,11:32:54
USO,2.78,11:32:55
USO,2.775,11:32:56
USO,2.77,11:32:58
USO,2.7731,11:32:59
USO,2.7797,11:32:59
USO,2.78,11:33:01
USO,2.778,11:33:02
USO,2.77,11:33:03
USO,2.7701,11:33:04
USO,2.77,11:33:05
USO,2.775,11:33:08
USO,2.78,11:33:09
USO,2.7714,11:33:10
USO,2.7701,11:33:11
USO,2.77,11:33:12
USO,2.7722,11:33:13
USO,2.7709,11:33:14
USO,2.771,11:33:15
USO,2.78,11:33:16
USO,2.771,11:33:17
USO,2.78,11:33:19
USO,2.7701,11:33:19
USO,2.77,11:33:20
USO,2.78,11:33:22
USO,2.7702,11:33:24
USO,2.7795,11:33:25
USO,2.7764,11:33:26
USO,2.77,11:33:27
USO,2.78,11:33:28
USO,2.7701,11:33:30
USO,2.775,11:33:32
USO,2.7711,11:33:33
USO,2.7712,11:33:34
USO,2.7738,11:33:35
USO,2.7707,11:33:36
USO,2.77,11:33:37
USO,2.7701,11:33:39
USO,2.77,11:33:40
USO,2.775,11:33:41
USO,2.7701,11:33:42
USO,2.7712,11:33:43
USO,2.77,11:33:44
USO,2.775,11:33:46
USO,2.7713,11:33:47
USO,2.7798,11:33:48
USO,2.77,11:33:49
USO,2.775,11:33:50
USO,2.7701,11:33:51
USO,2.7702,11:33:52
USO,2.77,11:33:53
USO,2.7751,11:33:54
USO,2.77,11:33:55
USO,2.7798,11:33:57
USO,2.7701,11:33:58
USO,2.78,11:33:59
USO,2.7786,11:34:00
USO,2.7701,11:34:01
USO,2.77,11:34:02
USO,2.775,11:34:03
USO,2.78,11:34:04
USO,2.77,11:34:05
USO,2.7786,11:34:06
USO,2.78,11:34:07
USO,2.77,11:34:08
USO,2.7703,11:34:10
USO,2.775,11:34:11
USO,2.7794,11:34:12
USO,2.7786,11:34:13
USO,2.775,11:34:14
USO,2.77,11:34:16
USO,2.775,11:34:18
USO,2.78,11:34:19
USO,2.775,11:34:20
USO,2.773,11:34:21
USO,2.777,11:34:22
USO,2.78,11:34:23
USO,2.7702,11:34:24
USO,2.7786,11:34:25
USO,2.77,11:34:26
USO,2.775,11:34:27
USO,2.78,11:34:28
USO,2.77,11:34:30
USO,2.78,11:34:31
USO,2.7792,11:34:32
USO,2.7795,11:34:33
USO,2.775,11:34:34
USO,2.77,11:34:35
USO,2.775,11:34:36
USO,2.78,11:34:38
USO,2.775,11:34:39
USO,2.78,11:34:40
USO,2.77,11:34:42
USO,2.78,11:34:43
USO,2.7706,11:34:44
USO,2.77,11:34:45
USO,2.775,11:34:46
USO,2.77,11:34:47
USO,2.78,11:34:48
USO,2.7703,11:34:49
USO,2.7702,11:34:50
USO,2.78,11:34:51
USO,2.7728,11:34:53
USO,2.78,11:34:54
USO,2.7714,11:34:56
USO,2.78,11:34:57
USO,2.7777,11:34:58
USO,2.78,11:34:59
USO,2.785,11:35:00
USO,2.78,11:35:01
USO,2.79,11:35:02
USO,2.78,11:35:03
USO,2.79,11:35:05
USO,2.7899,11:35:06
USO,2.79,11:35:07
USO,2.785,11:35:08
USO,2.7801,11:35:09
USO,2.7866,11:35:10
USO,2.79,11:35:11
USO,2.78,11:35:12
USO,2.785,11:35:13
USO,2.79,11:35:14
USO,2.78,11:35:15
USO,2.7801,11:35:16
USO,2.7868,11:35:17
USO,2.79,11:35:18
USO,2.7843,11:35:20
USO,2.7815,11:35:21
USO,2.79,11:35:22
USO,2.7899,11:35:23
USO,2.7881,11:35:24
USO,2.7834,11:35:25
USO,2.79,11:35:26
USO,2.7895,11:35:27
USO,2.79,11:35:28
USO,2.7802,11:35:29
USO,2.79,11:35:30
USO,2.7805,11:35:32
USO,2.7895,11:35:32
USO,2.79,11:35:34
USO,2.7865,11:35:35
USO,2.7805,11:35:37
USO,2.7896,11:35:38
USO,2.79,11:35:39
USO,2.7801,11:35:43
USO,2.7805,11:35:44
USO,2.7898,11:35:45
USO,2.79,11:35:46
USO,2.7803,11:35:48
USO,2.78,11:35:49
USO,2.785,11:35:50
USO,2.7878,11:35:51
USO,2.7899,11:35:52
USO,2.79,11:35:53
USO,2.78,11:35:54
USO,2.785,11:35:55
USO,2.79,11:35:56
USO,2.785,11:35:57
USO,2.7806,11:35:58
USO,2.78,11:35:59
USO,2.7822,11:36:00
USO,2.7805,11:36:01
USO,2.7806,11:36:02
USO,2.7801,11:36:03
USO,2.78,11:36:04
USO,2.79,11:36:05
USO,2.781,11:36:06
USO,2.78,11:36:07
USO,2.79,11:36:08
USO,2.78,11:36:09
USO,2.7896,11:36:10
USO,2.785,11:36:11
USO,2.78,11:36:12
USO,2.7895,11:36:13
USO,2.785,11:36:16
USO,2.79,11:36:17
USO,2.7899,11:36:18
USO,2.78,11:36:19
USO,2.785,11:36:20
USO,2.7801,11:36:21
USO,2.79,11:36:22
USO,2.7899,11:36:23
USO,2.78,11:36:24
USO,2.7899,11:36:25
USO,2.7895,11:36:26
USO,2.78,11:36:27
USO,2.785,11:36:28
USO,2.78,11:36:29
USO,2.7895,11:36:30
USO,2.785,11:36:31
USO,2.7806,11:36:32
USO,2.785,11:36:33
USO,2.775,11:36:34
USO,2.7705,11:36:35
USO,2.7725,11:36:36
USO,2.775,11:36:37
USO,2.7765,11:36:38
USO,2.78,11:36:39
USO,2.7778,11:36:41
USO,2.7712,11:36:42
USO,2.7701,11:36:43
USO,2.78,11:36:44
USO,2.7798,11:36:45
USO,2.775,11:36:46
USO,2.7766,11:36:47
USO,2.775,11:36:48
USO,2.7795,11:36:49
USO,2.77,11:36:50
USO,2.7773,11:36:51
USO,2.7789,11:36:52
USO,2.78,11:36:53
USO,2.7714,11:36:54
USO,2.7761,11:36:55
USO,2.78,11:36:56
USO,2.7786,11:36:57
USO,2.7701,11:36:58
USO,2.7788,11:37:00
USO,2.7791,11:37:01
USO,2.77,11:37:02
USO,2.7791,11:37:03
USO,2.775,11:37:04
USO,2.7706,11:37:05
USO,2.775,11:37:06
USO,2.7718,11:37:07
USO,2.7763,11:37:08
USO,2.77,11:37:09
USO,2.779,11:37:10
USO,2.7791,11:37:11
USO,2.78,11:37:12
USO,2.777,11:37:13
USO,2.77,11:37:14
USO,2.7706,11:37:15
USO,2.7714,11:37:16
USO,2.7709,11:37:17
USO,2.78,11:37:19
USO,2.7782,11:37:20
USO,2.7702,11:37:21
USO,2.78,11:37:22
USO,2.7714,11:37:24
USO,2.7703,11:37:25
USO,2.78,11:37:26
USO,2.7701,11:37:27
USO,2.78,11:37:28
USO,2.7706,11:37:29
USO,2.77,11:37:30
USO,2.7702,11:37:32
USO,2.7714,11:37:33
USO,2.78,11:37:34
USO,2.7763,11:37:35
USO,2.77,11:37:36
USO,2.7706,11:37:37
USO,2.775,11:37:40
USO,2.78,11:37:41
USO,2.775,11:37:42
USO,2.7799,11:37:43
USO,2.7758,11:37:44
USO,2.775,11:37:45
USO,2.77,11:37:48
USO,2.7799,11:37:49
USO,2.7796,11:37:50
USO,2.7795,11:37:51
USO,2.7758,11:37:52
USO,2.7706,11:37:53
USO,2.7735,11:37:54
USO,2.78,11:37:55
USO,2.7795,11:37:56
USO,2.77,11:37:57
USO,2.7795,11:37:58
USO,2.77,11:38:00
USO,2.7795,11:38:01
USO,2.7798,11:38:02
USO,2.78,11:38:03
USO,2.775,11:38:04
USO,2.7757,11:38:06
USO,2.7762,11:38:07
USO,2.7706,11:38:08
USO,2.77,11:38:09
USO,2.7795,11:38:10
USO,2.77,11:38:11
USO,2.775,11:38:13
USO,2.78,11:38:14
USO,2.7795,11:38:15
USO,2.775,11:38:16
USO,2.78,11:38:17
USO,2.7799,11:38:18
USO,2.7743,11:38:19
USO,2.775,11:38:20
USO,2.78,11:38:21
USO,2.7701,11:38:22
USO,2.78,11:38:24
USO,2.7739,11:38:25
USO,2.7749,11:38:26
USO,2.77,11:38:27
USO,2.775,11:38:28
USO,2.77,11:38:29
USO,2.7753,11:38:30
USO,2.775,11:38:31
USO,2.78,11:38:33
USO,2.7752,11:38:34
USO,2.7795,11:38:35
USO,2.7704,11:38:36
USO,2.775,11:38:38
USO,2.7701,11:38:39
USO,2.77,11:38:40
USO,2.773,11:38:41
USO,2.7795,11:38:42
USO,2.775,11:38:43
USO,2.77,11:38:44
USO,2.7795,11:38:45
USO,2.7703,11:38:46
USO,2.77,11:38:47
USO,2.7701,11:38:48
USO,2.77,11:38:49
USO,2.7795,11:38:51
USO,2.77,11:38:52
USO,2.775,11:38:53
USO,2.7757,11:38:54
USO,2.7733,11:38:55
USO,2.78,11:38:56
USO,2.77,11:38:57
USO,2.775,11:38:58
USO,2.77,11:39:00
USO,2.7707,11:39:01
USO,2.775,11:39:02
USO,2.77,11:39:03
USO,2.7721,11:39:04
USO,2.77,11:39:05
USO,2.7701,11:39:06
USO,2.7702,11:39:07
USO,2.7701,11:39:08
USO,2.77,11:39:09
USO,2.765,11:39:10
USO,2.77,11:39:11
USO,2.765,11:39:12
USO,2.7699,11:39:13
USO,2.7649,11:39:15
USO,2.77,11:39:16
USO,2.7602,11:39:17
USO,2.765,11:39:19
USO,2.77,11:39:19
USO,2.7606,11:39:21
USO,2.77,11:39:22
USO,2.765,11:39:23
USO,2.76,11:39:24
USO,2.77,11:39:25
USO,2.7603,11:39:27
USO,2.77,11:39:28
USO,2.76,11:39:29
USO,2.7614,11:39:30
USO,2.77,11:39:32
USO,2.76,11:39:33
USO,2.7696,11:39:34
USO,2.765,11:39:35
USO,2.76,11:39:36
USO,2.7659,11:39:37
USO,2.765,11:39:38
USO,2.7699,11:39:39
USO,2.77,11:39:40
USO,2.7606,11:39:41
USO,2.761,11:39:42
USO,2.7699,11:39:44
USO,2.7616,11:39:45
USO,2.77,11:39:46
USO,2.7697,11:39:47
USO,2.7623,11:39:48
USO,2.76,11:39:49
USO,2.7691,11:39:50
USO,2.7603,11:39:51
USO,2.7605,11:39:52
USO,2.765,11:39:54
USO,2.7686,11:39:55
USO,2.7676,11:39:56
USO,2.7699,11:39:58
USO,2.7601,11:39:58
USO,2.77,11:39:59
USO,2.7605,11:40:00
USO,2.764,11:40:01
USO,2.765,11:40:02
USO,2.77,11:40:05
USO,2.765,11:40:06
USO,2.76,11:40:07
USO,2.7699,11:40:08
USO,2.77,11:40:09
USO,2.765,11:40:10
USO,2.76,11:40:11
USO,2.77,11:40:12
USO,2.76,11:40:13
USO,2.77,11:40:14
USO,2.76,11:40:16
USO,2.7601,11:40:18
USO,2.7695,11:40:20
USO,2.765,11:40:21
USO,2.76,11:40:22
USO,2.765,11:40:23
USO,2.77,11:40:24
USO,2.7601,11:40:25
USO,2.765,11:40:26
USO,2.7696,11:40:27
USO,2.76,11:40:28
USO,2.765,11:40:29
USO,2.77,11:40:30
USO,2.7605,11:40:31
USO,2.77,11:40:32
USO,2.7605,11:40:33
USO,2.7698,11:40:34
USO,2.77,11:40:35
USO,2.76,11:40:36
USO,2.7602,11:40:37
USO,2.77,11:40:38
USO,2.7601,11:40:40
USO,2.77,11:40:41
USO,2.76,11:40:42
USO,2.7601,11:40:43
USO,2.7685,11:40:44
USO,2.76,11:40:46
USO,2.7605,11:40:47
USO,2.7698,11:40:48
USO,2.7676,11:40:49
USO,2.765,11:40:50
USO,2.76,11:40:51
USO,2.77,11:40:52
USO,2.76,11:40:56
USO,2.77,11:40:57
USO,2.76,11:40:58
USO,2.7602,11:40:59
USO,2.765,11:41:00
USO,2.76,11:41:01
USO,2.765,11:41:02
USO,2.7602,11:41:03
USO,2.76,11:41:04
USO,2.7601,11:41:05
USO,2.77,11:41:06
USO,2.765,11:41:07
USO,2.7601,11:41:09
USO,2.765,11:41:10
USO,2.7604,11:41:11
USO,2.765,11:41:12
USO,2.77,11:41:13
USO,2.76,11:41:14
USO,2.7699,11:41:15
USO,2.7601,11:41:17
USO,2.77,11:41:18
USO,2.7601,11:41:19
USO,2.76,11:41:20
USO,2.7698,11:41:24
USO,2.7601,11:41:25
USO,2.77,11:41:26
USO,2.7605,11:41:29
USO,2.7601,11:41:30
USO,2.7602,11:41:31
USO,2.7604,11:41:32
USO,2.7601,11:41:33
USO,2.7695,11:41:35
USO,2.77,11:41:36
USO,2.76,11:41:37
USO,2.765,11:41:39
USO,2.7601,11:41:40
USO,2.765,11:41:41
USO,2.7601,11:41:42
USO,2.7604,11:41:43
USO,2.76,11:41:44
USO,2.7685,11:41:45
USO,2.76,11:41:46
USO,2.7636,11:41:47
USO,2.77,11:41:48
USO,2.7636,11:41:49
USO,2.77,11:41:50
USO,2.765,11:41:51
USO,2.77,11:41:52
USO,2.7695,11:41:53
USO,2.7642,11:41:54
USO,2.77,11:41:55
USO,2.765,11:41:56
USO,2.7621,11:41:57
USO,2.76,11:41:58
USO,2.7699,11:41:59
USO,2.765,11:42:01
USO,2.7699,11:42:02
USO,2.76,11:42:03
USO,2.77,11:42:04
USO,2.76,11:42:05
USO,2.7621,11:42:07
USO,2.765,11:42:07
USO,2.7603,11:42:08
USO,2.765,11:42:09
USO,2.7697,11:42:11
USO,2.76,11:42:12
USO,2.7642,11:42:13
USO,2.76,11:42:14
USO,2.7641,11:42:15
USO,2.76,11:42:17
USO,2.7695,11:42:18
USO,2.76,11:42:19
USO,2.7601,11:42:20
USO,2.7642,11:42:21
USO,2.7601,11:42:22
USO,2.76,11:42:23
USO,2.7696,11:42:24
USO,2.7642,11:42:25
USO,2.76,11:42:26
USO,2.765,11:42:28
USO,2.7601,11:42:29
USO,2.7699,11:42:30
USO,2.765,11:42:31
USO,2.76,11:42:32
USO,2.7601,11:42:33
USO,2.76,11:42:34
USO,2.77,11:42:37
USO,2.765,11:42:38
USO,2.7638,11:42:39
USO,2.76,11:42:41
USO,2.77,11:42:42
USO,2.7602,11:42:43
USO,2.7601,11:42:44
USO,2.7637,11:42:45
USO,2.77,11:42:46
USO,2.76,11:42:47
USO,2.7601,11:42:48
USO,2.764,11:42:49
USO,2.7601,11:42:50
USO,2.7699,11:42:51
USO,2.7698,11:42:52
USO,2.7637,11:42:53
USO,2.7698,11:42:54
USO,2.77,11:42:55
USO,2.7601,11:42:56
USO,2.7695,11:42:57
USO,2.76,11:42:58
USO,2.7601,11:42:59
USO,2.76,11:43:01
USO,2.7699,11:43:02
USO,2.76,11:43:03
USO,2.7615,11:43:04
USO,2.7601,11:43:05
USO,2.7636,11:43:07
USO,2.7624,11:43:08
USO,2.77,11:43:09
USO,2.765,11:43:12
USO,2.77,11:43:13
USO,2.76,11:43:15
USO,2.765,11:43:17
USO,2.7642,11:43:19
USO,2.7605,11:43:20
USO,2.7658,11:43:21
USO,2.77,11:43:22
USO,2.7698,11:43:24
USO,2.765,11:43:25
USO,2.7601,11:43:26
USO,2.765,11:43:27
USO,2.7601,11:43:31
USO,2.765,11:43:32
USO,2.7663,11:43:33
USO,2.765,11:43:34
USO,2.76,11:43:35
USO,2.7604,11:43:36
USO,2.7698,11:43:37
USO,2.76,11:43:38
USO,2.7695,11:43:40
USO,2.7638,11:43:42
USO,2.7661,11:43:43
USO,2.7623,11:43:44
USO,2.77,11:43:46
USO,2.76,11:43:47
USO,2.765,11:43:48
USO,2.7656,11:43:49
USO,2.765,11:43:50
USO,2.76,11:43:51
USO,2.7656,11:43:54
USO,2.7696,11:43:55
USO,2.76,11:43:56
USO,2.7601,11:43:57
USO,2.76,11:43:58
USO,2.7699,11:43:59
USO,2.7695,11:44:00
USO,2.76,11:44:02
USO,2.7602,11:44:03
USO,2.7623,11:44:04
USO,2.77,11:44:06
USO,2.7652,11:44:07
USO,2.7605,11:44:08
USO,2.7699,11:44:09
USO,2.7685,11:44:10
USO,2.7695,11:44:11
USO,2.7699,11:44:12
USO,2.76,11:44:14
USO,2.7629,11:44:16
USO,2.765,11:44:17
USO,2.7699,11:44:18
USO,2.7661,11:44:19
USO,2.7601,11:44:20
USO,2.765,11:44:21
USO,2.7698,11:44:22
USO,2.7695,11:44:24
USO,2.7698,11:44:25
USO,2.7601,11:44:26
USO,2.76,11:44:27
USO,2.77,11:44:28
USO,2.76,11:44:29
USO,2.7639,11:44:30
USO,2.7638,11:44:31
USO,2.7661,11:44:32
USO,2.765,11:44:33
USO,2.7601,11:44:34
USO,2.7695,11:44:35
USO,2.765,11:44:36
USO,2.7673,11:44:37
USO,2.7635,11:44:38
USO,2.7654,11:44:39
USO,2.7601,11:44:40
USO,2.765,11:44:41
USO,2.7602,11:44:42
USO,2.7655,11:44:44
USO,2.7605,11:44:45
USO,2.7642,11:44:46
USO,2.7601,11:44:47
USO,2.76,11:44:48
USO,2.7699,11:44:50
USO,2.7695,11:44:51
USO,2.765,11:44:52
USO,2.7666,11:44:53
USO,2.77,11:44:55
USO,2.76,11:44:56
USO,2.7612,11:44:57
USO,2.77,11:44:58
USO,2.765,11:44:59
USO,2.76,11:45:00
USO,2.765,11:45:02
USO,2.7601,11:45:03
USO,2.7628,11:45:04
USO,2.77,11:45:05
USO,2.7659,11:45:06
USO,2.76,11:45:07
USO,2.765,11:45:08
USO,2.7601,11:45:09
USO,2.77,11:45:11
USO,2.7614,11:45:11
USO,2.765,11:45:13
USO,2.77,11:45:14
USO,2.76,11:45:15
USO,2.77,11:45:16
USO,2.76,11:45:17
USO,2.7699,11:45:19
USO,2.7659,11:45:21
USO,2.77,11:45:22
USO,2.7654,11:45:24
USO,2.77,11:45:25
USO,2.76,11:45:26
USO,2.7684,11:45:27
USO,2.765,11:45:28
USO,2.77,11:45:30
USO,2.7684,11:45:31
USO,2.7601,11:45:32
USO,2.7699,11:45:33
USO,2.7605,11:45:34
USO,2.7685,11:45:35
USO,2.765,11:45:36
USO,2.7698,11:45:37
USO,2.765,11:45:38
USO,2.7602,11:45:39
USO,2.765,11:45:40
USO,2.7699,11:45:41
USO,2.765,11:45:42
USO,2.7682,11:45:44
USO,2.76,11:45:45
USO,2.7608,11:45:46
USO,2.76,11:45:47
USO,2.7603,11:45:48
USO,2.7678,11:45:49
USO,2.76,11:45:50
USO,2.77,11:45:52
USO,2.765,11:45:53
USO,2.77,11:45:54
USO,2.765,11:45:55
USO,2.77,11:45:56
USO,2.7601,11:46:00
USO,2.7671,11:46:01
USO,2.765,11:46:02
USO,2.77,11:46:04
USO,2.7601,11:46:05
USO,2.77,11:46:06
USO,2.7601,11:46:07
USO,2.77,11:46:08
USO,2.765,11:46:09
USO,2.76,11:46:10
USO,2.765,11:46:11
USO,2.7655,11:46:12
USO,2.77,11:46:14
USO,2.7699,11:46:15
USO,2.77,11:46:16
USO,2.7603,11:46:17
USO,2.77,11:46:18
USO,2.765,11:46:19
USO,2.7681,11:46:20
USO,2.76,11:46:21
USO,2.7689,11:46:23
USO,2.7605,11:46:23
USO,2.76,11:46:25
USO,2.7601,11:46:26
USO,2.7686,11:46:27
USO,2.77,11:46:28
USO,2.765,11:46:29
USO,2.7697,11:46:30
USO,2.77,11:46:31
USO,2.76,11:46:32
USO,2.77,11:46:33
USO,2.7699,11:46:34
USO,2.7681,11:46:35
USO,2.77,11:46:36
USO,2.765,11:46:38
USO,2.77,11:46:39
USO,2.76,11:46:40
USO,2.765,11:46:41
USO,2.77,11:46:42
USO,2.765,11:46:43
USO,2.77,11:46:44
USO,2.7609,11:46:48
USO,2.76,11:46:49
USO,2.77,11:46:50
USO,2.7667,11:46:51
USO,2.7684,11:46:52
USO,2.76,11:46:53
USO,2.77,11:46:56
USO,2.765,11:46:57
USO,2.76,11:46:58
USO,2.7636,11:46:59
USO,2.76,11:47:00
USO,2.765,11:47:01
USO,2.77,11:47:03
USO,2.7699,11:47:04
USO,2.7695,11:47:05
USO,2.77,11:47:06
USO,2.7605,11:47:07
USO,2.7603,11:47:09
USO,2.76,11:47:10
USO,2.7697,11:47:11
USO,2.76,11:47:12
USO,2.7601,11:47:13
USO,2.77,11:47:14
USO,2.76,11:47:15
USO,2.77,11:47:16
USO,2.7695,11:47:17
USO,2.765,11:47:18
USO,2.7661,11:47:19
USO,2.77,11:47:20
USO,2.7605,11:47:21
USO,2.76,11:47:23
USO,2.77,11:47:26
USO,2.766,11:47:27
USO,2.77,11:47:28
USO,2.76,11:47:31
USO,2.7695,11:47:31
USO,2.76,11:47:33
USO,2.7636,11:47:34
USO,2.76,11:47:35
USO,2.765,11:47:36
USO,2.76,11:47:37
USO,2.7601,11:47:40
USO,2.765,11:47:41
USO,2.7652,11:47:42
USO,2.765,11:47:44
USO,2.7603,11:47:45
USO,2.77,11:47:46
USO,2.76,11:47:47
USO,2.7695,11:47:48
USO,2.76,11:47:49
USO,2.77,11:47:50
USO,2.765,11:47:52
USO,2.76,11:47:53
USO,2.7661,11:47:54
USO,2.7601,11:47:55
USO,2.7695,11:47:56
USO,2.765,11:47:57
USO,2.7642,11:47:58
USO,2.765,11:48:01
USO,2.7601,11:48:02
USO,2.77,11:48:03
USO,2.7696,11:48:04
USO,2.77,11:48:05
USO,2.7695,11:48:07
USO,2.765,11:48:08
USO,2.7605,11:48:09
USO,2.7695,11:48:10
USO,2.76,11:48:11
USO,2.7601,11:48:12
USO,2.766,11:48:13
USO,2.76,11:48:14
USO,2.7601,11:48:15
USO,2.76,11:48:16
USO,2.77,11:48:18
USO,2.7661,11:48:19
USO,2.7695,11:48:20
USO,2.76,11:48:22
USO,2.765,11:48:23
USO,2.7602,11:48:24
USO,2.77,11:48:27
USO,2.7683,11:48:28
USO,2.7605,11:48:29
USO,2.7653,11:48:30
USO,2.77,11:48:32
USO,2.7695,11:48:33
USO,2.77,11:48:34
USO,2.76,11:48:35
USO,2.765,11:48:36
USO,2.77,11:48:37
USO,2.765,11:48:39
USO,2.7695,11:48:40
USO,2.76,11:48:41
USO,2.7605,11:48:42
USO,2.7696,11:48:44
USO,2.7625,11:48:45
USO,2.77,11:48:46
USO,2.76,11:48:48
USO,2.7697,11:48:48
USO,2.765,11:48:50
USO,2.76,11:48:51
USO,2.7662,11:48:52
USO,2.76,11:48:53
USO,2.7602,11:48:54
USO,2.77,11:48:55
USO,2.7696,11:48:57
USO,2.7697,11:48:58
USO,2.7662,11:48:59
USO,2.7695,11:49:00
USO,2.765,11:49:01
USO,2.76,11:49:04
USO,2.765,11:49:05
USO,2.768,11:49:06
USO,2.765,11:49:07
USO,2.7601,11:49:08
USO,2.77,11:49:09
USO,2.76,11:49:11
USO,2.765,11:49:12
USO,2.77,11:49:13
USO,2.7678,11:49:15
USO,2.765,11:49:16
USO,2.76,11:49:17
USO,2.765,11:49:19
USO,2.7614,11:49:19
USO,2.77,11:49:20
USO,2.765,11:49:22
USO,2.76,11:49:23
USO,2.7611,11:49:25
USO,2.7683,11:49:26
USO,2.765,11:49:27
USO,2.7683,11:49:28
USO,2.77,11:49:30
USO,2.765,11:49:32
USO,2.76,11:49:33
USO,2.7681,11:49:34
USO,2.77,11:49:35
USO,2.7614,11:49:36
USO,2.765,11:49:37
USO,2.77,11:49:38
USO,2.765,11:49:40
USO,2.77,11:49:41
USO,2.7698,11:49:42
USO,2.768,11:49:43
USO,2.765,11:49:44
USO,2.7683,11:49:47
USO,2.765,11:49:48
USO,2.7681,11:49:49
USO,2.77,11:49:50
USO,2.765,11:49:51
USO,2.77,11:49:52
USO,2.7683,11:49:55
USO,2.765,11:49:56
USO,2.76,11:50:01
USO,2.77,11:50:02
USO,2.765,11:50:03
USO,2.76,11:50:05
USO,2.765,11:50:06
USO,2.7658,11:50:07
USO,2.765,11:50:09
USO,2.7695,11:50:10
USO,2.7644,11:50:11
USO,2.7696,11:50:13
USO,2.77,11:50:14
USO,2.7655,11:50:15
USO,2.77,11:50:16
USO,2.7695,11:50:17
USO,2.7601,11:50:18
USO,2.7695,11:50:19
USO,2.76,11:50:20
USO,2.7605,11:50:24
USO,2.7601,11:50:25
USO,2.76,11:50:26
USO,2.77,11:50:27
USO,2.765,11:50:28
USO,2.77,11:50:30
USO,2.7645,11:50:31
USO,2.765,11:50:33
USO,2.77,11:50:34
USO,2.76,11:50:35
USO,2.77,11:50:38
USO,2.76,11:50:39
USO,2.765,11:50:40
USO,2.7601,11:50:42
USO,2.765,11:50:43
USO,2.77,11:50:45
USO,2.7696,11:50:47
USO,2.765,11:50:48
USO,2.77,11:50:49
USO,2.7602,11:50:50
USO,2.76,11:50:51
USO,2.7695,11:50:54
USO,2.7601,11:50:55
USO,2.77,11:50:56
USO,2.7605,11:50:57
USO,2.76,11:50:58
USO,2.7602,11:51:00
USO,2.7621,11:51:01
USO,2.77,11:51:02
USO,2.765,11:51:03
USO,2.76,11:51:04
USO,2.77,11:51:05
USO,2.7646,11:51:06
USO,2.765,11:51:07
USO,2.764,11:51:09
USO,2.7699,11:51:10
USO,2.77,11:51:11
USO,2.7635,11:51:13
USO,2.77,11:51:14
USO,2.76,11:51:15
USO,2.765,11:51:20
USO,2.7603,11:51:21
USO,2.7695,11:51:22
USO,2.765,11:51:23
USO,2.7698,11:51:24
USO,2.76,11:51:25
USO,2.77,11:51:26
USO,2.7601,11:51:27
USO,2.765,11:51:28
USO,2.7602,11:51:29
USO,2.765,11:51:30
USO,2.7602,11:51:31
USO,2.76,11:51:32
USO,2.77,11:51:33
USO,2.765,11:51:35
USO,2.77,11:51:39
USO,2.765,11:51:40
USO,2.76,11:51:41
USO,2.77,11:51:43
USO,2.76,11:51:45
USO,2.765,11:51:47
USO,2.7695,11:51:48
USO,2.765,11:51:49
USO,2.76,11:51:51
USO,2.765,11:51:52
USO,2.77,11:51:54
USO,2.7695,11:51:56
USO,2.765,11:51:57
USO,2.77,11:51:58
USO,2.765,11:51:59
USO,2.7695,11:52:00
USO,2.7632,11:52:01
USO,2.7601,11:52:02
USO,2.765,11:52:03
USO,2.761,11:52:04
USO,2.7698,11:52:05
USO,2.765,11:52:06
USO,2.7636,11:52:07
USO,2.7605,11:52:08
USO,2.765,11:52:09
USO,2.77,11:52:10
USO,2.76,11:52:11
USO,2.7628,11:52:12
USO,2.7681,11:52:13
USO,2.7602,11:52:14
USO,2.765,11:52:16
USO,2.7657,11:52:17
USO,2.76,11:52:18
USO,2.7632,11:52:19
USO,2.76,11:52:20
USO,2.7601,11:52:22
USO,2.77,11:52:23
USO,2.76,11:52:24
USO,2.765,11:52:27
USO,2.7699,11:52:28
USO,2.76,11:52:29
USO,2.7698,11:52:30
USO,2.765,11:52:32
USO,2.77,11:52:33
USO,2.7601,11:52:34
USO,2.7639,11:52:35
USO,2.7603,11:52:36
USO,2.7695,11:52:37
USO,2.77,11:52:38
USO,2.765,11:52:40
USO,2.7601,11:52:41
USO,2.76,11:52:42
USO,2.77,11:52:43
USO,2.7628,11:52:44
USO,2.7601,11:52:45
USO,2.765,11:52:46
USO,2.7613,11:52:47
USO,2.77,11:52:48
USO,2.76,11:52:49
USO,2.7673,11:52:51
USO,2.765,11:52:52
USO,2.77,11:52:53
USO,2.7601,11:52:54
USO,2.76,11:52:55
USO,2.765,11:52:56
USO,2.76,11:52:57
USO,2.77,11:52:58
USO,2.765,11:53:00
USO,2.767,11:53:01
USO,2.7602,11:53:02
USO,2.7695,11:53:03
USO,2.76,11:53:05
USO,2.765,11:53:06
USO,2.7603,11:53:09
USO,2.76,11:53:10
USO,2.7603,11:53:14
USO,2.7601,11:53:15
USO,2.7698,11:53:16
USO,2.76,11:53:18
USO,2.7615,11:53:19
USO,2.77,11:53:20
USO,2.7695,11:53:21
USO,2.7699,11:53:22
USO,2.7698,11:53:23
USO,2.7626,11:53:24
USO,2.7601,11:53:25
USO,2.76,11:53:26
USO,2.7695,11:53:27
USO,2.7603,11:53:28
USO,2.765,11:53:29
USO,2.77,11:53:32
USO,2.7628,11:53:33
USO,2.765,11:53:34
USO,2.76,11:53:36
USO,2.7629,11:53:37
USO,2.76,11:53:38
USO,2.7605,11:53:39
USO,2.76,11:53:40
USO,2.77,11:53:41
USO,2.7605,11:53:43
USO,2.76,11:53:44
USO,2.763,11:53:45
USO,2.77,11:53:46
USO,2.765,11:53:47
USO,2.7695,11:53:48
USO,2.7629,11:53:49
USO,2.76,11:53:51
USO,2.7629,11:53:52
USO,2.7601,11:53:53
USO,2.76,11:53:54
USO,2.765,11:53:55
USO,2.76,11:53:56
USO,2.765,11:53:58
USO,2.76,11:53:59
USO,2.765,11:54:00
USO,2.76,11:54:01
USO,2.7628,11:54:03
USO,2.76,11:54:04
USO,2.7622,11:54:05
USO,2.76,11:54:06
USO,2.7627,11:54:08
USO,2.7695,11:54:09
USO,2.76,11:54:10
USO,2.7639,11:54:11
USO,2.76,11:54:12
USO,2.77,11:54:13
USO,2.765,11:54:15
USO,2.76,11:54:16
USO,2.7695,11:54:18
USO,2.76,11:54:20
USO,2.765,11:54:21
USO,2.77,11:54:22
USO,2.7699,11:54:23
USO,2.7666,11:54:27
USO,2.7605,11:54:28
USO,2.76,11:54:29
USO,2.765,11:54:30
USO,2.7626,11:54:31
USO,2.7664,11:54:32
USO,2.767,11:54:33
USO,2.76,11:54:34
USO,2.77,11:54:35
USO,2.765,11:54:36
USO,2.7601,11:54:38
USO,2.7639,11:54:39
USO,2.76,11:54:40
USO,2.7601,11:54:41
USO,2.76,11:54:42
USO,2.7698,11:54:43
USO,2.77,11:54:44
USO,2.76,11:54:45
USO,2.7623,11:54:47
USO,2.76,11:54:48
USO,2.7698,11:54:50
USO,2.76,11:54:51
USO,2.7601,11:54:52
USO,2.77,11:54:53
USO,2.765,11:54:54
USO,2.7601,11:54:55
USO,2.767,11:54:56
USO,2.76,11:54:57
USO,2.7601,11:54:58
USO,2.7606,11:54:59
USO,2.76,11:55:00
USO,2.7695,11:55:01
USO,2.77,11:55:02
USO,2.7601,11:55:03
USO,2.76,11:55:04
USO,2.77,11:55:05
USO,2.7625,11:55:06
USO,2.768,11:55:07
USO,2.76,11:55:08
USO,2.7669,11:55:09
USO,2.76,11:55:10
USO,2.765,11:55:12
USO,2.76,11:55:12
USO,2.7664,11:55:14
USO,2.76,11:55:15
USO,2.765,11:55:16
USO,2.7695,11:55:17
USO,2.7686,11:55:18
USO,2.76,11:55:19
USO,2.765,11:55:21
USO,2.76,11:55:22
USO,2.7601,11:55:23
USO,2.7608,11:55:24
USO,2.765,11:55:25
USO,2.7627,11:55:26
USO,2.76,11:55:27
USO,2.7698,11:55:29
USO,2.77,11:55:30
USO,2.7664,11:55:31
USO,2.7699,11:55:33
USO,2.76,11:55:34
USO,2.7695,11:55:35
USO,2.76,11:55:36
USO,2.765,11:55:38
USO,2.76,11:55:43
USO,2.77,11:55:45
USO,2.76,11:55:46
USO,2.7695,11:55:47
USO,2.7601,11:55:48
USO,2.76,11:55:49
USO,2.7631,11:55:50
USO,2.76,11:55:52
USO,2.7602,11:55:53
USO,2.765,11:55:54
USO,2.76,11:55:55
USO,2.765,11:55:57
USO,2.7609,11:55:58
USO,2.76,11:55:59
USO,2.7695,11:56:00
USO,2.7628,11:56:01
USO,2.765,11:56:03
USO,2.77,11:56:04
USO,2.765,11:56:06
USO,2.76,11:56:07
USO,2.7695,11:56:08
USO,2.7628,11:56:09
USO,2.76,11:56:10
USO,2.7697,11:56:13
USO,2.76,11:56:14
USO,2.765,11:56:15
USO,2.76,11:56:17
USO,2.7695,11:56:20
USO,2.76,11:56:21
USO,2.77,11:56:22
USO,2.7696,11:56:23
USO,2.765,11:56:24
USO,2.77,11:56:26
USO,2.7604,11:56:27
USO,2.77,11:56:30
USO,2.7634,11:56:31
USO,2.7698,11:56:32
USO,2.7625,11:56:33
USO,2.76,11:56:34
USO,2.77,11:56:35
USO,2.765,11:56:36
USO,2.7637,11:56:37
USO,2.77,11:56:38
USO,2.765,11:56:40
USO,2.7638,11:56:41
USO,2.765,11:56:42
USO,2.7695,11:56:43
USO,2.76,11:56:44
USO,2.7605,11:56:47
USO,2.765,11:56:48
USO,2.76,11:56:50
USO,2.7602,11:56:52
USO,2.7605,11:56:53
USO,2.77,11:56:54
USO,2.765,11:56:55
USO,2.76,11:56:56
USO,2.7695,11:56:57
USO,2.7642,11:56:58
USO,2.7695,11:56:59
USO,2.7619,11:57:00
USO,2.7643,11:57:01
USO,2.765,11:57:02
USO,2.76,11:57:05
USO,2.77,11:57:06
USO,2.7605,11:57:07
USO,2.7695,11:57:08
USO,2.77,11:57:09
USO,2.7601,11:57:11
USO,2.765,11:57:12
USO,2.7699,11:57:13
USO,2.76,11:57:14
USO,2.77,11:57:15
USO,2.76,11:57:16
USO,2.7626,11:57:17
USO,2.76,11:57:18
USO,2.7601,11:57:19
USO,2.7699,11:57:20
USO,2.76,11:57:21
USO,2.7601,11:57:22
USO,2.76,11:57:23
USO,2.765,11:57:24
USO,2.76,11:57:25
USO,2.7641,11:57:26
USO,2.7637,11:57:27
USO,2.765,11:57:28
USO,2.76,11:57:32
USO,2.77,11:57:33
USO,2.7695,11:57:34
USO,2.7696,11:57:35
USO,2.76,11:57:36
USO,2.7601,11:57:37
USO,2.765,11:57:38
USO,2.7641,11:57:39
USO,2.77,11:57:41
USO,2.765,11:57:43
USO,2.76,11:57:44
USO,2.77,11:57:45
USO,2.76,11:57:46
USO,2.765,11:57:47
USO,2.77,11:57:48
USO,2.7695,11:57:49
USO,2.765,11:57:50
USO,2.77,11:57:51
USO,2.765,11:57:52
USO,2.7605,11:57:53
USO,2.77,11:57:54
USO,2.7605,11:57:55
USO,2.762,11:57:56
USO,2.7642,11:57:57
USO,2.7695,11:57:58
USO,2.77,11:57:59
USO,2.7671,11:58:00
USO,2.76,11:58:01
USO,2.77,11:58:02
USO,2.765,11:58:03
USO,2.7647,11:58:05
USO,2.7695,11:58:06
USO,2.7699,11:58:07
USO,2.765,11:58:08
USO,2.7698,11:58:10
USO,2.7699,11:58:11
USO,2.765,11:58:12
USO,2.77,11:58:13
USO,2.765,11:58:14
USO,2.7698,11:58:16
USO,2.77,11:58:17
USO,2.78,11:58:20
USO,2.775,11:58:21
USO,2.7753,11:58:22
USO,2.78,11:58:23
USO,2.7799,11:58:25
USO,2.78,11:58:26
USO,2.7799,11:58:27
USO,2.77,11:58:28
USO,2.775,11:58:29
USO,2.77,11:58:31
USO,2.7763,11:58:32
USO,2.7701,11:58:33
USO,2.77,11:58:34
USO,2.78,11:58:35
USO,2.7795,11:58:36
USO,2.7798,11:58:37
USO,2.7765,11:58:38
USO,2.78,11:58:39
USO,2.7766,11:58:41
USO,2.77,11:58:42
USO,2.7756,11:58:43
USO,2.77,11:58:44
USO,2.78,11:58:45
USO,2.7799,11:58:46
USO,2.77,11:58:47
USO,2.775,11:58:48
USO,2.7768,11:58:49
USO,2.775,11:58:50
USO,2.78,11:58:51
USO,2.775,11:58:52
USO,2.7767,11:58:53
USO,2.78,11:58:54
USO,2.7795,11:58:55
USO,2.78,11:58:56
USO,2.775,11:59:00
USO,2.78,11:59:01
USO,2.775,11:59:02
USO,2.77,11:59:03
USO,2.78,11:59:04
USO,2.7797,11:59:05
USO,2.7798,11:59:07
USO,2.7799,11:59:08
USO,2.77,11:59:09
USO,2.78,11:59:10
USO,2.775,11:59:15
USO,2.77,11:59:16
USO,2.78,11:59:17
USO,2.77,11:59:18
USO,2.775,11:59:19
USO,2.7768,11:59:20
USO,2.77,11:59:21
USO,2.777,11:59:22
USO,2.77,11:59:23
USO,2.775,11:59:26
USO,2.77,11:59:27
USO,2.775,11:59:28
USO,2.77,11:59:29
USO,2.775,11:59:30
USO,2.77,11:59:31
USO,2.7795,11:59:32
USO,2.77,11:59:33
USO,2.7667,11:59:34
USO,2.77,11:59:35
USO,2.76,11:59:36
USO,2.7695,11:59:37
USO,2.77,11:59:38
USO,2.765,11:59:39
USO,2.76,11:59:40
USO,2.77,11:59:41
USO,2.7699,11:59:44
USO,2.77,11:59:45
USO,2.765,11:59:46
USO,2.7672,11:59:48
USO,2.76,11:59:49
USO,2.765,11:59:51
USO,2.77,11:59:52
USO,2.7697,11:59:53
USO,2.767,11:59:54
USO,2.77,11:59:56
USO,2.765,11:59:58
USO,2.77,11:59:59
USO,2.7645,12:00:00
USO,2.765,12:00:01
USO,2.76,12:00:04
USO,2.7696,12:00:05
USO,2.7601,12:00:06
USO,2.76,12:00:08
USO,2.765,12:00:09
USO,2.76,12:00:10
USO,2.77,12:00:11
USO,2.765,12:00:12
USO,2.77,12:00:13
USO,2.76,12:00:16
USO,2.765,12:00:17
USO,2.7697,12:00:19
USO,2.76,12:00:20
USO,2.7697,12:00:22
USO,2.76,12:00:24
USO,2.765,12:00:25
USO,2.77,12:00:26
USO,2.7626,12:00:28
USO,2.765,12:00:30
USO,2.77,12:00:31
USO,2.76,12:00:32
USO,2.7695,12:00:34
USO,2.76,12:00:35
USO,2.765,12:00:38
USO,2.77,12:00:39
USO,2.765,12:00:40
USO,2.7699,12:00:41
USO,2.76,12:00:42
USO,2.7657,12:00:45
USO,2.7602,12:00:46
USO,2.76,12:00:47
USO,2.7601,12:00:48
USO,2.7648,12:00:49
USO,2.7699,12:00:50
USO,2.77,12:00:51
USO,2.7647,12:00:52
USO,2.7657,12:00:54
USO,2.76,12:00:55
USO,2.765,12:00:56
USO,2.77,12:01:00
USO,2.7699,12:01:02
USO,2.764,12:01:03
USO,2.76,12:01:04
USO,2.77,12:01:06
USO,2.7695,12:01:07
USO,2.7627,12:01:08
USO,2.77,12:01:10
USO,2.765,12:01:11
USO,2.7601,12:01:12
USO,2.765,12:01:13
USO,2.77,12:01:14
USO,2.76,12:01:18
USO,2.7699,12:01:19
USO,2.77,12:01:20
USO,2.7699,12:01:21
USO,2.765,12:01:23
USO,2.77,12:01:24
USO,2.7699,12:01:26
USO,2.76,12:01:28
USO,2.765,12:01:30
USO,2.76,12:01:31
USO,2.7601,12:01:33
USO,2.77,12:01:34
USO,2.7658,12:01:35
USO,2.76,12:01:36
USO,2.7656,12:01:37
USO,2.7686,12:01:38
USO,2.77,12:01:39
USO,2.7601,12:01:40
USO,2.76,12:01:42
USO,2.765,12:01:44
USO,2.77,12:01:45
USO,2.765,12:01:46
USO,2.7601,12:01:47
USO,2.7625,12:01:48
USO,2.765,12:01:49
USO,2.76,12:01:51
USO,2.7601,12:01:52
USO,2.765,12:01:53
USO,2.77,12:01:54
USO,2.7643,12:01:55
USO,2.76,12:01:56
USO,2.764,12:01:58
USO,2.7601,12:01:59
USO,2.765,12:02:02
USO,2.76,12:02:03
USO,2.7609,12:02:04
USO,2.7605,12:02:05
USO,2.764,12:02:06
USO,2.7601,12:02:07
USO,2.7605,12:02:08
USO,2.765,12:02:10
USO,2.7699,12:02:10
USO,2.7639,12:02:11
USO,2.765,12:02:13
USO,2.76,12:02:14
USO,2.7686,12:02:15
USO,2.77,12:02:18
USO,2.76,12:02:19
USO,2.77,12:02:20
USO,2.76,12:02:21
USO,2.7641,12:02:22
USO,2.76,12:02:23
USO,2.77,12:02:24
USO,2.76,12:02:25
USO,2.765,12:02:26
USO,2.7642,12:02:27
USO,2.7624,12:02:28
USO,2.7641,12:02:29
USO,2.7605,12:02:31
USO,2.7697,12:02:32
USO,2.76,12:02:33
USO,2.7699,12:02:34
USO,2.76,12:02:35
USO,2.7644,12:02:38
USO,2.76,12:02:39
USO,2.7697,12:02:41
USO,2.76,12:02:42
USO,2.765,12:02:43
USO,2.76,12:02:44
USO,2.7601,12:02:45
USO,2.765,12:02:46
USO,2.76,12:02:47
USO,2.77,12:02:50
USO,2.7695,12:02:52
USO,2.7601,12:02:53
USO,2.76,12:02:54
USO,2.7686,12:02:55
USO,2.7601,12:02:56
USO,2.7644,12:02:57
USO,2.7698,12:02:58
USO,2.76,12:02:59
USO,2.7643,12:03:01
USO,2.77,12:03:02
USO,2.76,12:03:03
USO,2.764,12:03:04
USO,2.76,12:03:05
USO,2.765,12:03:06
USO,2.76,12:03:07
USO,2.7642,12:03:08
USO,2.7695,12:03:09
USO,2.7657,12:03:11
USO,2.7605,12:03:12
USO,2.76,12:03:13
USO,2.7601,12:03:15
USO,2.765,12:03:16
USO,2.76,12:03:17
USO,2.765,12:03:19
USO,2.77,12:03:20
USO,2.76,12:03:21
USO,2.7691,12:03:22
USO,2.765,12:03:23
USO,2.7663,12:03:24
USO,2.76,12:03:25
USO,2.7639,12:03:27
USO,2.76,12:03:28
USO,2.7664,12:03:31
USO,2.76,12:03:32
USO,2.7695,12:03:33
USO,2.76,12:03:34
USO,2.77,12:03:35
USO,2.765,12:03:37
USO,2.7698,12:03:38
USO,2.76,12:03:39
USO,2.7694,12:03:43
USO,2.76,12:03:44
USO,2.7683,12:03:46
USO,2.7601,12:03:47
USO,2.77,12:03:48
USO,2.76,12:03:49
USO,2.765,12:03:51
USO,2.76,12:03:52
USO,2.7645,12:03:53
USO,2.76,12:03:54
USO,2.77,12:03:55
USO,2.76,12:03:56
USO,2.765,12:03:58
USO,2.7696,12:04:00
USO,2.7684,12:04:01
USO,2.77,12:04:02
USO,2.7603,12:04:04
USO,2.765,12:04:05
USO,2.76,12:04:06
USO,2.7632,12:04:08
USO,2.76,12:04:09
USO,2.77,12:04:13
USO,2.76,12:04:14
USO,2.765,12:04:15
USO,2.76,12:04:16
USO,2.7601,12:04:18
USO,2.77,12:04:19
USO,2.76,12:04:20
USO,2.765,12:04:22
USO,2.77,12:04:23
USO,2.76,12:04:24
USO,2.7601,12:04:25
USO,2.76,12:04:26
USO,2.765,12:04:28
USO,2.76,12:04:29
USO,2.77,12:04:30
USO,2.76,12:04:31
USO,2.77,12:04:33
USO,2.76,12:04:34
USO,2.7604,12:04:35
USO,2.765,12:04:36
USO,2.7686,12:04:37
USO,2.7695,12:04:38
USO,2.77,12:04:39
USO,2.76,12:04:40
USO,2.765,12:04:41
USO,2.77,12:04:42
USO,2.765,12:04:43
USO,2.77,12:04:44
USO,2.765,12:04:45
USO,2.77,12:04:46
USO,2.7601,12:04:48
USO,2.76,12:04:49
USO,2.7693,12:04:50
USO,2.765,12:04:52
USO,2.76,12:04:52
USO,2.765,12:04:54
USO,2.77,12:04:55
USO,2.76,12:04:56
USO,2.7698,12:04:58
USO,2.77,12:04:59
USO,2.7681,12:05:00
USO,2.7639,12:05:01
USO,2.76,12:05:02
USO,2.7699,12:05:03
USO,2.76,12:05:04
USO,2.77,12:05:05
USO,2.765,12:05:07
USO,2.76,12:05:07
USO,2.7601,12:05:09
USO,2.765,12:05:10
USO,2.7619,12:05:11
USO,2.77,12:05:12
USO,2.765,12:05:15
USO,2.7601,12:05:16
USO,2.7699,12:05:18
USO,2.7698,12:05:19
USO,2.7695,12:05:20
USO,2.77,12:05:21
USO,2.7698,12:05:23
USO,2.765,12:05:24
USO,2.76,12:05:25
USO,2.7603,12:05:26
USO,2.7601,12:05:27
USO,2.76,12:05:29
USO,2.7686,12:05:32
USO,2.76,12:05:34
USO,2.7687,12:05:35
USO,2.761,12:05:36
USO,2.765,12:05:39
USO,2.77,12:05:40
USO,2.7605,12:05:41
USO,2.765,12:05:42
USO,2.76,12:05:43
USO,2.77,12:05:44
USO,2.76,12:05:46
USO,2.765,12:05:47
USO,2.7698,12:05:48
USO,2.765,12:05:49
USO,2.7698,12:05:50
USO,2.76,12:05:51
USO,2.7698,12:05:52
USO,2.76,12:05:53
USO,2.7686,12:05:56
USO,2.7696,12:05:57
USO,2.76,12:05:58
USO,2.7601,12:05:59
USO,2.7696,12:06:00
USO,2.765,12:06:01
USO,2.763,12:06:02
USO,2.765,12:06:03
USO,2.7696,12:06:04
USO,2.7602,12:06:05
USO,2.77,12:06:06
USO,2.765,12:06:07
USO,2.7699,12:06:08
USO,2.7601,12:06:09
USO,2.765,12:06:11
USO,2.7686,12:06:12
USO,2.762,12:06:13
USO,2.765,12:06:14
USO,2.7698,12:06:15
USO,2.7626,12:06:16
USO,2.765,12:06:17
USO,2.7601,12:06:18
USO,2.765,12:06:19
USO,2.7601,12:06:21
USO,2.7693,12:06:22
USO,2.765,12:06:23
USO,2.7605,12:06:26
USO,2.76,12:06:27
USO,2.77,12:06:28
USO,2.765,12:06:31
USO,2.7686,12:06:32
USO,2.765,12:06:33
USO,2.7619,12:06:36
USO,2.7697,12:06:37
USO,2.77,12:06:38
USO,2.7699,12:06:39
USO,2.765,12:06:40
USO,2.76,12:06:41
USO,2.77,12:06:42
USO,2.76,12:06:43
USO,2.77,12:06:44
USO,2.7605,12:06:46
USO,2.77,12:06:47
USO,2.765,12:06:48
USO,2.77,12:06:49
USO,2.76,12:06:50
USO,2.7699,12:06:51
USO,2.76,12:06:53
USO,2.77,12:06:54
USO,2.765,12:06:55
USO,2.77,12:06:56
USO,2.7664,12:06:57
USO,2.7694,12:06:58
USO,2.77,12:07:00
USO,2.7698,12:07:07
USO,2.77,12:07:08
USO,2.76,12:07:09
USO,2.765,12:07:10
USO,2.7686,12:07:11
USO,2.7698,12:07:12
USO,2.77,12:07:13
USO,2.765,12:07:14
USO,2.76,12:07:15
USO,2.77,12:07:17
USO,2.7602,12:07:18
USO,2.77,12:07:19
USO,2.765,12:07:21
USO,2.77,12:07:22
USO,2.775,12:07:23
USO,2.7703,12:07:24
USO,2.7706,12:07:25
USO,2.78,12:07:26
USO,2.77,12:07:28
USO,2.7742,12:07:30
USO,2.78,12:07:30
USO,2.7706,12:07:32
USO,2.775,12:07:34
USO,2.7706,12:07:35
USO,2.7702,12:07:36
USO,2.77,12:07:37
USO,2.7795,12:07:38
USO,2.7781,12:07:39
USO,2.7706,12:07:40
USO,2.78,12:07:41
USO,2.775,12:07:42
USO,2.7795,12:07:43
USO,2.7702,12:07:46
USO,2.77,12:07:47
USO,2.7773,12:07:48
USO,2.77,12:07:49
USO,2.775,12:07:50
USO,2.7705,12:07:52
USO,2.7786,12:07:53
USO,2.7765,12:07:54
USO,2.78,12:07:56
USO,2.7789,12:07:57
USO,2.779,12:07:58
USO,2.78,12:08:03
USO,2.775,12:08:04
USO,2.77,12:08:05
USO,2.775,12:08:06
USO,2.77,12:08:07
USO,2.78,12:08:08
USO,2.775,12:08:09
USO,2.77,12:08:10
USO,2.775,12:08:12
USO,2.7786,12:08:13
USO,2.7706,12:08:14
USO,2.7799,12:08:15
USO,2.77,12:08:18
USO,2.78,12:08:19
USO,2.7786,12:08:21
USO,2.78,12:08:22
USO,2.7792,12:08:25
USO,2.7757,12:08:26
USO,2.78,12:08:27
USO,2.775,12:08:28
USO,2.7702,12:08:29
USO,2.7786,12:08:37
USO,2.775,12:08:41
USO,2.7791,12:08:42
USO,2.776,12:08:43
USO,2.7702,12:08:44
USO,2.78,12:08:45
USO,2.7706,12:08:46
USO,2.775,12:08:47
USO,2.78,12:08:48
USO,2.775,12:08:49
USO,2.7701,12:08:50
USO,2.77,12:08:51
USO,2.775,12:08:52
USO,2.7786,12:08:53
USO,2.77,12:08:55
USO,2.7734,12:08:56
USO,2.7733,12:08:57
USO,2.78,12:08:59
USO,2.77,12:09:00
USO,2.775,12:09:01
USO,2.78,12:09:02
USO,2.7793,12:09:04
USO,2.7786,12:09:05
USO,2.775,12:09:06
USO,2.78,12:09:07
USO,2.7701,12:09:08
USO,2.78,12:09:09
USO,2.77,12:09:10
USO,2.7764,12:09:11
USO,2.779,12:09:12
USO,2.78,12:09:13
USO,2.775,12:09:14
USO,2.78,12:09:16
USO,2.7733,12:09:17
USO,2.775,12:09:18
USO,2.7795,12:09:19
USO,2.78,12:09:20
USO,2.7706,12:09:22
USO,2.7786,12:09:23
USO,2.7705,12:09:24
USO,2.7786,12:09:25
USO,2.775,12:09:26
USO,2.7786,12:09:27
USO,2.7702,12:09:29
USO,2.77,12:09:30
USO,2.78,12:09:31
USO,2.77,12:09:32
USO,2.7734,12:09:33
USO,2.7792,12:09:34
USO,2.7734,12:09:35
USO,2.775,12:09:36
USO,2.77,12:09:37
USO,2.7707,12:09:39
USO,2.7797,12:09:40
USO,2.775,12:09:42
USO,2.77,12:09:43
USO,2.7798,12:09:44
USO,2.77,12:09:45
USO,2.775,12:09:47
USO,2.78,12:09:48
USO,2.7797,12:09:49
USO,2.78,12:09:50
USO,2.777,12:09:51
USO,2.775,12:09:52
USO,2.7798,12:09:55
USO,2.775,12:09:56
USO,2.77,12:09:57
USO,2.775,12:09:58
USO,2.78,12:09:59
USO,2.7771,12:10:01
USO,2.775,12:10:02
USO,2.78,12:10:03
USO,2.7701,12:10:04
USO,2.7734,12:10:05
USO,2.7798,12:10:06
USO,2.78,12:10:07
USO,2.77,12:10:08
USO,2.7701,12:10:09
USO,2.7776,12:10:10
USO,2.775,12:10:12
USO,2.78,12:10:12
USO,2.775,12:10:13
USO,2.78,12:10:15
USO,2.775,12:10:17
USO,2.7758,12:10:19
USO,2.77,12:10:20
USO,2.7758,12:10:22
USO,2.78,12:10:23
USO,2.7796,12:10:24
USO,2.7758,12:10:25
USO,2.775,12:10:26
USO,2.78,12:10:27
USO,2.77,12:10:28
USO,2.775,12:10:31
USO,2.78,12:10:32
USO,2.77,12:10:33
USO,2.775,12:10:37
USO,2.77,12:10:40
USO,2.78,12:10:41
USO,2.7701,12:10:43
USO,2.7795,12:10:43
USO,2.7792,12:10:45
USO,2.77,12:10:46
USO,2.78,12:10:47
USO,2.7706,12:10:49
USO,2.77,12:10:50
USO,2.775,12:10:51
USO,2.7786,12:10:52
USO,2.7701,12:10:53
USO,2.775,12:10:54
USO,2.7786,12:10:58
USO,2.775,12:11:01
USO,2.77,12:11:02
USO,2.775,12:11:03
USO,2.77,12:11:05
USO,2.78,12:11:06
USO,2.77,12:11:07
USO,2.775,12:11:09
USO,2.77,12:11:09
USO,2.78,12:11:11
USO,2.7724,12:11:12
USO,2.77,12:11:13
USO,2.7725,12:11:14
USO,2.775,12:11:15
USO,2.7798,12:11:16
USO,2.78,12:11:17
USO,2.77,12:11:19
USO,2.78,12:11:22
USO,2.765,12:11:23
USO,2.77,12:11:25
USO,2.7603,12:11:26
USO,2.765,12:11:27
USO,2.77,12:11:28
USO,2.765,12:11:30
USO,2.77,12:11:31
USO,2.7683,12:11:33
USO,2.765,12:11:35
USO,2.7696,12:11:37
USO,2.7601,12:11:38
USO,2.765,12:11:40
USO,2.76,12:11:41
USO,2.77,12:11:42
USO,2.7675,12:11:43
USO,2.76,12:11:44
USO,2.7667,12:11:45
USO,2.7601,12:11:46
USO,2.7663,12:11:47
USO,2.765,12:11:48
USO,2.7601,12:11:49
USO,2.77,12:11:51
USO,2.7668,12:11:52
USO,2.7602,12:11:53
USO,2.7686,12:11:54
USO,2.765,12:11:55
USO,2.7668,12:11:56
USO,2.7697,12:11:57
USO,2.77,12:11:58
USO,2.76,12:11:59
USO,2.767,12:12:01
USO,2.77,12:12:03
USO,2.765,12:12:04
USO,2.7602,12:12:05
USO,2.76,12:12:06
USO,2.77,12:12:07
USO,2.76,12:12:08
USO,2.765,12:12:09
USO,2.76,12:12:10
USO,2.765,12:12:11
USO,2.7602,12:12:12
USO,2.765,12:12:13
USO,2.7697,12:12:15
USO,2.7676,12:12:16
USO,2.765,12:12:17
USO,2.7686,12:12:22
USO,2.765,12:12:23
USO,2.7672,12:12:24
USO,2.7601,12:12:25
USO,2.765,12:12:26
USO,2.76,12:12:30
USO,2.765,12:12:31
USO,2.76,12:12:32
USO,2.77,12:12:33
USO,2.765,12:12:34
USO,2.7637,12:12:35
USO,2.765,12:12:37
USO,2.77,12:12:38
USO,2.7604,12:12:39
USO,2.765,12:12:41
USO,2.7673,12:12:42
USO,2.7601,12:12:43
USO,2.77,12:12:44
USO,2.765,12:12:46
USO,2.7601,12:12:47
USO,2.765,12:12:48
USO,2.77,12:12:49
USO,2.7675,12:12:50
USO,2.7686,12:12:51
USO,2.76,12:12:52
USO,2.765,12:12:53
USO,2.76,12:12:56
USO,2.765,12:12:57
USO,2.7675,12:12:59
USO,2.765,12:13:00
USO,2.77,12:13:01
USO,2.765,12:13:02
USO,2.76,12:13:04
USO,2.7699,12:13:05
USO,2.7679,12:13:06
USO,2.765,12:13:08
USO,2.7633,12:13:10
USO,2.76,12:13:11
USO,2.765,12:13:12
USO,2.7686,12:13:15
USO,2.765,12:13:16
USO,2.7699,12:13:17
USO,2.765,12:13:18
USO,2.7605,12:13:19
USO,2.765,12:13:21
USO,2.7686,12:13:22
USO,2.77,12:13:23
USO,2.7607,12:13:24
USO,2.7694,12:13:25
USO,2.7686,12:13:26
USO,2.76,12:13:27
USO,2.7675,12:13:32
USO,2.7603,12:13:33
USO,2.765,12:13:35
USO,2.76,12:13:36
USO,2.765,12:13:37
USO,2.77,12:13:39
USO,2.765,12:13:40
USO,2.7681,12:13:41
USO,2.7695,12:13:42
USO,2.76,12:13:43
USO,2.7614,12:13:46
USO,2.77,12:13:47
USO,2.7695,12:13:48
USO,2.7626,12:13:49
USO,2.765,12:13:50
USO,2.7609,12:13:52
USO,2.77,12:13:53
USO,2.765,12:13:54
USO,2.7614,12:13:58
USO,2.76,12:13:59
USO,2.765,12:14:00
USO,2.7681,12:14:01
USO,2.77,12:14:02
USO,2.7601,12:14:04
USO,2.765,12:14:05
USO,2.77,12:14:06
USO,2.76,12:14:07
USO,2.765,12:14:08
USO,2.77,12:14:09
USO,2.7601,12:14:10
USO,2.765,12:14:12
USO,2.7683,12:14:14
USO,2.77,12:14:15
USO,2.765,12:14:16
USO,2.7603,12:14:17
USO,2.765,12:14:19
USO,2.77,12:14:22
USO,2.7604,12:14:23
USO,2.765,12:14:24
USO,2.77,12:14:25
USO,2.765,12:14:26
USO,2.77,12:14:27
USO,2.765,12:14:28
USO,2.768,12:14:31
USO,2.765,12:14:32
USO,2.77,12:14:34
USO,2.7611,12:14:35
USO,2.765,12:14:36
USO,2.7609,12:14:38
USO,2.7614,12:14:39
USO,2.765,12:14:40
USO,2.76,12:14:41
USO,2.77,12:14:42
USO,2.76,12:14:44
USO,2.7607,12:14:45
USO,2.765,12:14:46
USO,2.76,12:14:47
USO,2.7699,12:14:48
USO,2.765,12:14:49
USO,2.7642,12:14:53
USO,2.765,12:14:54
USO,2.76,12:14:56
USO,2.765,12:14:58
USO,2.7695,12:14:58
USO,2.76,12:15:01
USO,2.77,12:15:02
USO,2.7695,12:15:04
USO,2.76,12:15:05
USO,2.765,12:15:07
USO,2.7602,12:15:08
USO,2.7699,12:15:10
USO,2.77,12:15:13
USO,2.765,12:15:14
USO,2.77,12:15:15
USO,2.7699,12:15:16
USO,2.7614,12:15:19
USO,2.77,12:15:20
USO,2.7674,12:15:22
USO,2.76,12:15:23
USO,2.7673,12:15:24
USO,2.765,12:15:25
USO,2.7668,12:15:26
USO,2.765,12:15:28
USO,2.7686,12:15:29
USO,2.77,12:15:30
USO,2.765,12:15:31
USO,2.76,12:15:34
USO,2.7604,12:15:35
USO,2.77,12:15:36
USO,2.7602,12:15:37
USO,2.761,12:15:38
USO,2.77,12:15:39
USO,2.765,12:15:40
USO,2.7695,12:15:42
USO,2.76,12:15:43
USO,2.7699,12:15:44
USO,2.7604,12:15:45
USO,2.765,12:15:46
USO,2.7605,12:15:51
USO,2.7667,12:15:53
USO,2.7666,12:15:54
USO,2.77,12:15:55
USO,2.7686,12:15:56
USO,2.7614,12:15:57
USO,2.7689,12:15:58
USO,2.77,12:15:59
USO,2.765,12:16:00
USO,2.7601,12:16:04
USO,2.765,12:16:05
USO,2.77,12:16:06
USO,2.765,12:16:07
USO,2.7667,12:16:09
USO,2.765,12:16:10
USO,2.7695,12:16:11
USO,2.76,12:16:12
USO,2.7695,12:16:13
USO,2.765,12:16:14
USO,2.76,12:16:16
USO,2.7603,12:16:17
USO,2.7686,12:16:18
USO,2.77,12:16:20
USO,2.7665,12:16:21
USO,2.76,12:16:22
USO,2.7666,12:16:23
USO,2.765,12:16:24
USO,2.76,12:16:25
USO,2.7613,12:16:27
USO,2.76,12:16:28
USO,2.765,12:16:29
USO,2.7686,12:16:30
USO,2.765,12:16:31
USO,2.7669,12:16:33
USO,2.7686,12:16:34
USO,2.77,12:16:35
USO,2.7669,12:16:36
USO,2.77,12:16:38
USO,2.7699,12:16:39
USO,2.767,12:16:40
USO,2.765,12:16:41
USO,2.77,12:16:42
USO,2.7687,12:16:43
USO,2.76,12:16:44
USO,2.7698,12:16:45
USO,2.7669,12:16:46
USO,2.7699,12:16:47
USO,2.77,12:16:48
USO,2.7695,12:16:50
USO,2.7605,12:16:51
USO,2.7697,12:16:53
USO,2.7699,12:16:54
USO,2.7636,12:16:56
USO,2.765,12:16:57
USO,2.77,12:16:58
USO,2.765,12:16:59
USO,2.7601,12:17:01
USO,2.77,12:17:02
USO,2.76,12:17:03
USO,2.765,12:17:04
USO,2.77,12:17:05
USO,2.765,12:17:07
USO,2.77,12:17:08
USO,2.765,12:17:09
USO,2.77,12:17:11
USO,2.765,12:17:12
USO,2.77,12:17:14
USO,2.765,12:17:16
USO,2.7602,12:17:17
USO,2.77,12:17:18
USO,2.7605,12:17:20
USO,2.77,12:17:21
USO,2.76,12:17:22
USO,2.765,12:17:23
USO,2.77,12:17:24
USO,2.765,12:17:25
USO,2.7686,12:17:27
USO,2.77,12:17:28
USO,2.765,12:17:29
USO,2.77,12:17:30
USO,2.765,12:17:31
USO,2.7605,12:17:32
USO,2.7698,12:17:34
USO,2.765,12:17:35
USO,2.76,12:17:36
USO,2.77,12:17:37
USO,2.7699,12:17:40
USO,2.77,12:17:42
USO,2.7605,12:17:44
USO,2.76,12:17:45
USO,2.765,12:17:46
USO,2.76,12:17:47
USO,2.77,12:17:48
USO,2.7686,12:17:49
USO,2.7698,12:17:50
USO,2.77,12:17:51
USO,2.765,12:17:52
USO,2.77,12:17:55
USO,2.765,12:17:56
USO,2.77,12:17:57
USO,2.7659,12:17:58
USO,2.7675,12:17:59
USO,2.77,12:18:00
USO,2.7688,12:18:03
USO,2.77,12:18:04
USO,2.7699,12:18:06
USO,2.765,12:18:08
USO,2.77,12:18:10
USO,2.765,12:18:11
USO,2.76,12:18:12
USO,2.769,12:18:13
USO,2.77,12:18:14
USO,2.765,12:18:19
USO,2.77,12:18:21
USO,2.769,12:18:22
USO,2.7605,12:18:23
USO,2.765,12:18:24
USO,2.7691,12:18:26
USO,2.77,12:18:27
USO,2.7688,12:18:28
USO,2.765,12:18:29
USO,2.77,12:18:30
USO,2.765,12:18:32
USO,2.7602,12:18:34
USO,2.77,12:18:35
USO,2.765,12:18:36
USO,2.7691,12:18:37
USO,2.77,12:18:38
USO,2.7656,12:18:40
USO,2.7614,12:18:41
USO,2.77,12:18:43
USO,2.7698,12:18:44
USO,2.76,12:18:45
USO,2.765,12:18:46
USO,2.77,12:18:48
USO,2.7605,12:18:50
USO,2.77,12:18:51
USO,2.7689,12:18:53
USO,2.765,12:18:54
USO,2.7687,12:18:55
USO,2.77,12:18:56
USO,2.7688,12:18:57
USO,2.77,12:18:58
USO,2.7601,12:18:59
USO,2.7614,12:19:01
USO,2.76,12:19:02
USO,2.7685,12:19:03
USO,2.77,12:19:04
USO,2.76,12:19:06
USO,2.77,12:19:07
USO,2.7698,12:19:08
USO,2.76,12:19:09
USO,2.765,12:19:13
USO,2.7667,12:19:16
USO,2.7698,12:19:17
USO,2.77,12:19:18
USO,2.765,12:19:21
USO,2.77,12:19:22
USO,2.7614,12:19:24
USO,2.77,12:19:25
USO,2.765,12:19:26
USO,2.77,12:19:30
USO,2.7612,12:19:32
USO,2.765,12:19:33
USO,2.77,12:19:34
USO,2.765,12:19:35
USO,2.77,12:19:36
USO,2.765,12:19:38
USO,2.77,12:19:40
USO,2.765,12:19:41
USO,2.7611,12:19:42
USO,2.765,12:19:43
USO,2.76,12:19:44
USO,2.77,12:19:45
USO,2.765,12:19:46
USO,2.76,12:19:48
USO,2.77,12:19:49
USO,2.7699,12:19:50
USO,2.765,12:19:52
USO,2.77,12:19:53
USO,2.765,12:19:54
USO,2.77,12:19:59
USO,2.7634,12:20:01
USO,2.765,12:20:03
USO,2.76,12:20:06
USO,2.77,12:20:08
USO,2.765,12:20:09
USO,2.7603,12:20:11
USO,2.765,12:20:12
USO,2.77,12:20:16
USO,2.765,12:20:17
USO,2.7675,12:20:18
USO,2.7614,12:20:19
USO,2.77,12:20:20
USO,2.7675,12:20:21
USO,2.765,12:20:22
USO,2.7612,12:20:27
USO,2.765,12:20:28
USO,2.7614,12:20:32
USO,2.77,12:20:33
USO,2.76,12:20:36
USO,2.7696,12:20:38
USO,2.765,12:20:39
USO,2.77,12:20:40
USO,2.765,12:20:41
USO,2.77,12:20:43
USO,2.765,12:20:44
USO,2.7602,12:20:48
USO,2.765,12:20:51
USO,2.77,12:20:55
USO,2.76,12:20:56
USO,2.77,12:20:58
USO,2.7601,12:20:59
USO,2.77,12:21:00
USO,2.765,12:21:01
USO,2.77,12:21:02
USO,2.765,12:21:03
USO,2.7605,12:21:05
USO,2.7636,12:21:06
USO,2.765,12:21:07
USO,2.76,12:21:08
USO,2.765,12:21:09
USO,2.7602,12:21:10
USO,2.765,12:21:11
USO,2.7609,12:21:12
USO,2.76,12:21:13
USO,2.77,12:21:14
USO,2.7604,12:21:15
USO,2.76,12:21:17
USO,2.77,12:21:18
USO,2.765,12:21:21
USO,2.7608,12:21:22
USO,2.765,12:21:23
USO,2.77,12:21:27
USO,2.765,12:21:29
USO,2.7658,12:21:32
USO,2.765,12:21:33
USO,2.77,12:21:37
USO,2.76,12:21:39
USO,2.765,12:21:40
USO,2.77,12:21:41
USO,2.765,12:21:43
USO,2.76,12:21:44
USO,2.765,12:21:45
USO,2.77,12:21:46
USO,2.76,12:21:47
USO,2.765,12:21:48
USO,2.77,12:21:50
USO,2.765,12:21:51
USO,2.7614,12:22:00
USO,2.765,12:22:02
USO,2.77,12:22:03
USO,2.765,12:22:05
USO,2.7601,12:22:06
USO,2.765,12:22:07
USO,2.761,12:22:09
USO,2.765,12:22:10
USO,2.7674,12:22:12
USO,2.7686,12:22:13
USO,2.7602,12:22:14
USO,2.77,12:22:15
USO,2.765,12:22:18
USO,2.77,12:22:19
USO,2.765,12:22:22
USO,2.77,12:22:26
USO,2.7614,12:22:27
USO,2.765,12:22:28
USO,2.77,12:22:30
USO,2.7674,12:22:32
USO,2.77,12:22:33
USO,2.7699,12:22:35
USO,2.765,12:22:37
USO,2.77,12:22:39
USO,2.76,12:22:40
USO,2.765,12:22:42
USO,2.7699,12:22:43
USO,2.7614,12:22:44
USO,2.7694,12:22:45
USO,2.7699,12:22:46
USO,2.766,12:22:47
USO,2.77,12:22:48
USO,2.765,12:22:49
USO,2.77,12:22:50
USO,2.765,12:22:51
USO,2.77,12:22:53
USO,2.765,12:22:54
USO,2.77,12:22:55
USO,2.7699,12:22:56
USO,2.77,12:22:57
USO,2.76,12:22:59
USO,2.77,12:23:00
USO,2.76,12:23:01
USO,2.7614,12:23:02
USO,2.77,12:23:03
USO,2.7698,12:23:04
USO,2.7699,12:23:05
USO,2.77,12:23:06
USO,2.7692,12:23:08
USO,2.7698,12:23:09
USO,2.76,12:23:10
USO,2.765,12:23:11
USO,2.76,12:23:12
USO,2.77,12:23:13
USO,2.765,12:23:16
USO,2.77,12:23:17
USO,2.765,12:23:18
USO,2.7688,12:23:19
USO,2.77,12:23:21
USO,2.765,12:23:22
USO,2.77,12:23:23
USO,2.7683,12:23:26
USO,2.765,12:23:27
USO,2.7699,12:23:29
USO,2.77,12:23:30
USO,2.765,12:23:32
USO,2.7698,12:23:33
USO,2.77,12:23:34
USO,2.7614,12:23:35
USO,2.77,12:23:36
USO,2.76,12:23:37
USO,2.77,12:23:38
USO,2.7681,12:23:39
USO,2.7693,12:23:41
USO,2.765,12:23:42
USO,2.77,12:23:43
USO,2.765,12:23:44
USO,2.7604,12:23:45
USO,2.765,12:23:46
USO,2.7694,12:23:48
USO,2.7699,12:23:49
USO,2.77,12:23:50
USO,2.765,12:23:51
USO,2.77,12:23:52
USO,2.765,12:23:53
USO,2.77,12:23:54
USO,2.765,12:23:57
USO,2.77,12:23:58
USO,2.7699,12:24:00
USO,2.77,12:24:01
USO,2.765,12:24:03
USO,2.7601,12:24:04
USO,2.77,12:24:05
USO,2.766,12:24:06
USO,2.765,12:24:07
USO,2.7699,12:24:09
USO,2.76,12:24:10
USO,2.766,12:24:11
USO,2.77,12:24:12
USO,2.7608,12:24:15
USO,2.77,12:24:16
USO,2.765,12:24:18
USO,2.77,12:24:19
USO,2.765,12:24:20
USO,2.7695,12:24:21
USO,2.7697,12:24:23
USO,2.77,12:24:24
USO,2.765,12:24:25
USO,2.7679,12:24:26
USO,2.7614,12:24:27
USO,2.77,12:24:28
USO,2.7672,12:24:29
USO,2.7614,12:24:30
USO,2.77,12:24:31
USO,2.7697,12:24:32
USO,2.765,12:24:33
USO,2.76,12:24:34
USO,2.766,12:24:35
USO,2.76,12:24:37
USO,2.77,12:24:38
USO,2.76,12:24:39
USO,2.77,12:24:40
USO,2.76,12:24:42
USO,2.77,12:24:43
USO,2.765,12:24:45
USO,2.77,12:24:46
USO,2.76,12:24:47
USO,2.765,12:24:48
USO,2.7691,12:24:49
USO,2.77,12:24:50
USO,2.76,12:24:53
USO,2.7693,12:24:54
USO,2.765,12:24:55
USO,2.7699,12:24:57
USO,2.761,12:24:58
USO,2.77,12:24:59
USO,2.7662,12:25:00
USO,2.7687,12:25:01
USO,2.77,12:25:02
USO,2.765,12:25:03
USO,2.76,12:25:04
USO,2.7699,12:25:05
USO,2.76,12:25:06
USO,2.7605,12:25:07
USO,2.768,12:25:08
USO,2.765,12:25:09
USO,2.77,12:25:11
USO,2.765,12:25:11
USO,2.77,12:25:12
USO,2.765,12:25:16
USO,2.77,12:25:17
USO,2.76,12:25:18
USO,2.77,12:25:19
USO,2.7604,12:25:20
USO,2.77,12:25:21
USO,2.76,12:25:24
USO,2.7695,12:25:25
USO,2.77,12:25:26
USO,2.765,12:25:29
USO,2.77,12:25:32
USO,2.765,12:25:36
USO,2.77,12:25:37
USO,2.76,12:25:38
USO,2.77,12:25:39
USO,2.765,12:25:43
USO,2.77,12:25:44
USO,2.76,12:25:48
USO,2.77,12:25:49
USO,2.76,12:25:55
USO,2.7601,12:25:56
USO,2.77,12:25:57
USO,2.76,12:25:58
USO,2.765,12:25:59
USO,2.77,12:26:00
USO,2.76,12:26:01
USO,2.7699,12:26:02
USO,2.77,12:26:03
USO,2.766,12:26:04
USO,2.77,12:26:05
USO,2.765,12:26:08
USO,2.77,12:26:09
USO,2.7699,12:26:10
USO,2.76,12:26:11
USO,2.7699,12:26:12
USO,2.77,12:26:13
USO,2.7614,12:26:15
USO,2.77,12:26:16
USO,2.76,12:26:17
USO,2.77,12:26:18
USO,2.765,12:26:19
USO,2.76,12:26:20
USO,2.765,12:26:22
USO,2.77,12:26:26
USO,2.7699,12:26:27
USO,2.765,12:26:28
USO,2.76,12:26:29
USO,2.77,12:26:30
USO,2.765,12:26:31
USO,2.77,12:26:32
USO,2.76,12:26:34
USO,2.77,12:26:35
USO,2.765,12:26:36
USO,2.7699,12:26:39
USO,2.77,12:26:40
USO,2.765,12:26:42
USO,2.7612,12:26:43
USO,2.76,12:26:44
USO,2.77,12:26:45
USO,2.7602,12:26:46
USO,2.77,12:26:47
USO,2.765,12:26:48
USO,2.767,12:26:49
USO,2.77,12:26:50
USO,2.769,12:26:51
USO,2.767,12:26:52
USO,2.7614,12:26:53
USO,2.765,12:26:55
USO,2.7693,12:26:56
USO,2.7605,12:26:57
USO,2.77,12:26:58
USO,2.76,12:26:59
USO,2.77,12:27:01
USO,2.76,12:27:02
USO,2.77,12:27:03
USO,2.7699,12:27:04
USO,2.77,12:27:05
USO,2.76,12:27:06
USO,2.77,12:27:07
USO,2.7699,12:27:12
USO,2.76,12:27:13
USO,2.77,12:27:14
USO,2.765,12:27:18
USO,2.77,12:27:19
USO,2.7642,12:27:21
USO,2.77,12:27:22
USO,2.76,12:27:23
USO,2.77,12:27:24
USO,2.7672,12:27:25
USO,2.77,12:27:26
USO,2.7697,12:27:30
USO,2.77,12:27:31
USO,2.7608,12:27:32
USO,2.77,12:27:33
USO,2.7601,12:27:35
USO,2.77,12:27:36
USO,2.7699,12:27:39
USO,2.765,12:27:40
USO,2.77,12:27:41
USO,2.7689,12:27:43
USO,2.77,12:27:44
USO,2.76,12:27:45
USO,2.77,12:27:46
USO,2.7699,12:27:48
USO,2.76,12:27:49
USO,2.77,12:27:50
USO,2.7685,12:27:52
USO,2.77,12:27:53
USO,2.7614,12:27:54
USO,2.7693,12:27:55
USO,2.7694,12:27:56
USO,2.77,12:27:57
USO,2.765,12:27:58
USO,2.77,12:27:59
USO,2.7687,12:28:04
USO,2.77,12:28:05
USO,2.7614,12:28:06
USO,2.77,12:28:07
USO,2.765,12:28:08
USO,2.77,12:28:09
USO,2.7663,12:28:11
USO,2.77,12:28:12
USO,2.76,12:28:14
USO,2.77,12:28:15
USO,2.7695,12:28:16
USO,2.77,12:28:17
USO,2.765,12:28:21
USO,2.77,12:28:22
USO,2.765,12:28:23
USO,2.76,12:28:24
USO,2.77,12:28:25
USO,2.76,12:28:26
USO,2.765,12:28:28
USO,2.77,12:28:29
USO,2.7695,12:28:31
USO,2.76,12:28:32
USO,2.77,12:28:33
USO,2.765,12:28:34
USO,2.7601,12:28:35
USO,2.77,12:28:36
USO,2.7614,12:28:38
USO,2.77,12:28:39
USO,2.76,12:28:43
USO,2.77,12:28:45
USO,2.76,12:28:46
USO,2.7614,12:28:47
USO,2.77,12:28:48
USO,2.76,12:28:49
USO,2.77,12:28:51
USO,2.769,12:28:52
USO,2.77,12:28:53
USO,2.765,12:29:00
USO,2.77,12:29:01
USO,2.76,12:29:03
USO,2.77,12:29:04
USO,2.7611,12:29:07
USO,2.77,12:29:08
USO,2.765,12:29:09
USO,2.77,12:29:10
USO,2.76,12:29:12
USO,2.77,12:29:13
USO,2.76,12:29:17
USO,2.77,12:29:18
USO,2.7602,12:29:19
USO,2.77,12:29:20
USO,2.7604,12:29:21
USO,2.77,12:29:22
USO,2.765,12:29:23
USO,2.77,12:29:24
USO,2.7672,12:29:27
USO,2.7684,12:29:28
USO,2.77,12:29:29
USO,2.7686,12:29:31
USO,2.77,12:29:32
USO,2.762,12:29:35
USO,2.77,12:29:36
USO,2.7605,12:29:37
USO,2.77,12:29:38
USO,2.7636,12:29:39
USO,2.77,12:29:40
USO,2.765,12:29:41
USO,2.77,12:29:42
USO,2.7699,12:29:43
USO,2.77,12:29:44
USO,2.7699,12:29:47
USO,2.7614,12:29:48
USO,2.76,12:29:49
USO,2.77,12:29:50
USO,2.765,12:29:54
USO,2.77,12:29:56
USO,2.76,12:29:59
USO,2.769,12:30:00
USO,2.77,12:30:01
USO,2.765,12:30:02
USO,2.766,12:30:03
USO,2.77,12:30:04
USO,2.76,12:30:07
USO,2.765,12:30:08
USO,2.77,12:30:09
USO,2.7699,12:30:10
USO,2.77,12:30:11
USO,2.765,12:30:17
USO,2.77,12:30:18
USO,2.7601,12:30:21
USO,2.77,12:30:22
USO,2.7695,12:30:26
USO,2.77,12:30:27
USO,2.7664,12:30:29
USO,2.765,12:30:30
USO,2.77,12:30:31
USO,2.765,12:30:32
USO,2.77,12:30:36
USO,2.765,12:30:37
USO,2.7642,12:30:38
USO,2.77,12:30:39
USO,2.7614,12:30:42
USO,2.765,12:30:43
USO,2.77,12:30:45
USO,2.765,12:30:46
USO,2.77,12:30:50
USO,2.765,12:30:51
USO,2.76,12:30:53
USO,2.77,12:30:54
USO,2.76,12:30:55
USO,2.77,12:30:56
USO,2.76,12:30:59
USO,2.765,12:31:03
USO,2.76,12:31:04
USO,2.77,12:31:05
USO,2.765,12:31:07
USO,2.7669,12:31:08
USO,2.765,12:31:09
USO,2.77,12:31:10
USO,2.765,12:31:11
USO,2.7602,12:31:13
USO,2.765,12:31:15
USO,2.767,12:31:16
USO,2.765,12:31:17
USO,2.77,12:31:19
USO,2.765,12:31:21
USO,2.7614,12:31:22
USO,2.7687,12:31:24
USO,2.77,12:31:25
USO,2.7601,12:31:28
USO,2.77,12:31:29
USO,2.765,12:31:30
USO,2.77,12:31:31
USO,2.76,12:31:32
USO,2.77,12:31:33
USO,2.76,12:31:34
USO,2.77,12:31:35
USO,2.76,12:31:36
USO,2.765,12:31:38
USO,2.77,12:31:40
USO,2.76,12:31:41
USO,2.765,12:31:42
USO,2.7652,12:31:46
USO,2.765,12:31:47
USO,2.7643,12:31:53
USO,2.7667,12:31:53
USO,2.765,12:31:55
USO,2.7657,12:31:56
USO,2.77,12:31:57
USO,2.765,12:31:58
USO,2.7604,12:32:02
USO,2.77,12:32:03
USO,2.765,12:32:04
USO,2.76,12:32:05
USO,2.7604,12:32:07
USO,2.76,12:32:08
USO,2.765,12:32:09
USO,2.76,12:32:10
USO,2.7601,12:32:11
USO,2.765,12:32:12
USO,2.76,12:32:14
USO,2.7655,12:32:15
USO,2.76,12:32:16
USO,2.765,12:32:17
USO,2.7654,12:32:18
USO,2.765,12:32:19
USO,2.76,12:32:20
USO,2.765,12:32:21
USO,2.7693,12:32:22
USO,2.7601,12:32:24
USO,2.76,12:32:25
USO,2.765,12:32:26
USO,2.77,12:32:28
USO,2.7695,12:32:29
USO,2.765,12:32:30
USO,2.7601,12:32:31
USO,2.765,12:32:32
USO,2.76,12:32:33
USO,2.765,12:32:35
USO,2.7647,12:32:36
USO,2.7696,12:32:37
USO,2.7686,12:32:40
USO,2.77,12:32:43
USO,2.7648,12:32:44
USO,2.76,12:32:45
USO,2.7695,12:32:46
USO,2.77,12:32:47
USO,2.765,12:32:49
USO,2.7698,12:32:50
USO,2.7695,12:32:51
USO,2.7686,12:32:52
USO,2.765,12:32:53
USO,2.76,12:32:54
USO,2.77,12:32:55
USO,2.765,12:32:56
USO,2.7602,12:32:57
USO,2.7645,12:32:58
USO,2.7638,12:32:59
USO,2.76,12:33:00
USO,2.7601,12:33:01
USO,2.76,12:33:02
USO,2.7695,12:33:03
USO,2.77,12:33:04
USO,2.76,12:33:05
USO,2.765,12:33:06
USO,2.7646,12:33:08
USO,2.7645,12:33:09
USO,2.76,12:33:10
USO,2.7647,12:33:12
USO,2.7601,12:33:13
USO,2.7697,12:33:14
USO,2.765,12:33:15
USO,2.7601,12:33:16
USO,2.77,12:33:17
USO,2.765,12:33:18
USO,2.77,12:33:19
USO,2.7601,12:33:20
USO,2.7698,12:33:21
USO,2.765,12:33:22
USO,2.76,12:33:23
USO,2.7686,12:33:24
USO,2.7665,12:33:25
USO,2.77,12:33:26
USO,2.76,12:33:27
USO,2.7696,12:33:28
USO,2.765,12:33:29
USO,2.76,12:33:31
USO,2.765,12:33:32
USO,2.7646,12:33:35
USO,2.765,12:33:36
USO,2.76,12:33:37
USO,2.7637,12:33:38
USO,2.765,12:33:39
USO,2.77,12:33:40
USO,2.76,12:33:41
USO,2.765,12:33:42
USO,2.76,12:33:43
USO,2.7645,12:33:44
USO,2.7601,12:33:45
USO,2.7695,12:33:47
USO,2.7655,12:33:48
USO,2.76,12:33:49
USO,2.7636,12:33:50
USO,2.7605,12:33:51
USO,2.77,12:33:52
USO,2.76,12:33:53
USO,2.765,12:33:54
USO,2.77,12:33:55
USO,2.76,12:33:56
USO,2.7687,12:33:57
USO,2.765,12:33:58
USO,2.7686,12:34:01
USO,2.7608,12:34:04
USO,2.7686,12:34:05
USO,2.765,12:34:06
USO,2.76,12:34:07
USO,2.7695,12:34:08
USO,2.765,12:34:09
USO,2.7657,12:34:10
USO,2.76,12:34:12
USO,2.765,12:34:14
USO,2.77,12:34:16
USO,2.765,12:34:17
USO,2.7601,12:34:19
USO,2.765,12:34:21
USO,2.7634,12:34:23
USO,2.76,12:34:24
USO,2.7605,12:34:25
USO,2.76,12:34:26
USO,2.765,12:34:28
USO,2.7699,12:34:29
USO,2.765,12:34:30
USO,2.7668,12:34:32
USO,2.77,12:34:33
USO,2.765,12:34:34
USO,2.7609,12:34:37
USO,2.77,12:34:40
USO,2.7661,12:34:41
USO,2.77,12:34:42
USO,2.7661,12:34:43
USO,2.7695,12:34:44
USO,2.765,12:34:45
USO,2.77,12:34:47
USO,2.765,12:34:48
USO,2.7695,12:34:49
USO,2.7663,12:34:50
USO,2.7605,12:34:51
USO,2.765,12:34:52
USO,2.7605,12:34:53
USO,2.77,12:34:54
USO,2.7695,12:34:55
USO,2.76,12:34:56
USO,2.7658,12:34:58
USO,2.765,12:35:00
USO,2.77,12:35:02
USO,2.7605,12:35:03
USO,2.765,12:35:04
USO,2.7695,12:35:05
USO,2.76,12:35:06
USO,2.77,12:35:07
USO,2.7605,12:35:09
USO,2.76,12:35:10
USO,2.7602,12:35:11
USO,2.7656,12:35:12
USO,2.7655,12:35:13
USO,2.7656,12:35:14
USO,2.77,12:35:15
USO,2.765,12:35:17
USO,2.76,12:35:18
USO,2.765,12:35:19
USO,2.7602,12:35:21
USO,2.7617,12:35:22
USO,2.7601,12:35:23
USO,2.77,12:35:24
USO,2.7653,12:35:26
USO,2.77,12:35:27
USO,2.765,12:35:29
USO,2.77,12:35:31
USO,2.7654,12:35:32
USO,2.77,12:35:33
USO,2.765,12:35:34
USO,2.7686,12:35:35
USO,2.765,12:35:36
USO,2.76,12:35:38
USO,2.7686,12:35:39
USO,2.765,12:35:40
USO,2.77,12:35:41
USO,2.76,12:35:42
USO,2.77,12:35:45
USO,2.765,12:35:45
USO,2.77,12:35:47
USO,2.76,12:35:48
USO,2.7654,12:35:50
USO,2.76,12:35:51
USO,2.7695,12:35:52
USO,2.7605,12:35:53
USO,2.76,12:35:56
USO,2.7695,12:35:57
USO,2.765,12:35:58
USO,2.77,12:36:02
USO,2.76,12:36:03
USO,2.765,12:36:05
USO,2.76,12:36:07
USO,2.7695,12:36:11
USO,2.77,12:36:12
USO,2.769,12:36:13
USO,2.7602,12:36:14
USO,2.765,12:36:15
USO,2.77,12:36:16
USO,2.7695,12:36:17
USO,2.77,12:36:18
USO,2.7695,12:36:19
USO,2.77,12:36:20
USO,2.7695,12:36:21
USO,2.76,12:36:22
USO,2.765,12:36:23
USO,2.77,12:36:25
USO,2.7696,12:36:26
USO,2.77,12:36:27
USO,2.7698,12:36:28
USO,2.765,12:36:29
USO,2.76,12:36:30
USO,2.7642,12:36:31
USO,2.7602,12:36:32
USO,2.761,12:36:33
USO,2.76,12:36:34
USO,2.77,12:36:35
USO,2.765,12:36:36
USO,2.7699,12:36:38
USO,2.765,12:36:39
USO,2.7695,12:36:40
USO,2.76,12:36:41
USO,2.7643,12:36:43
USO,2.76,12:36:44
USO,2.7651,12:36:45
USO,2.76,12:36:47
USO,2.765,12:36:48
USO,2.76,12:36:49
USO,2.77,12:36:50
USO,2.76,12:36:52
USO,2.765,12:36:53
USO,2.77,12:36:54
USO,2.7604,12:36:55
USO,2.77,12:36:56
USO,2.765,12:36:58
USO,2.77,12:36:59
USO,2.76,12:37:00
USO,2.77,12:37:01
USO,2.76,12:37:02
USO,2.7696,12:37:04
USO,2.76,12:37:05
USO,2.765,12:37:10
USO,2.76,12:37:11
USO,2.7695,12:37:12
USO,2.765,12:37:13
USO,2.7669,12:37:14
USO,2.7605,12:37:15
USO,2.765,12:37:16
USO,2.7696,12:37:18
USO,2.77,12:37:19
USO,2.7695,12:37:20
USO,2.765,12:37:21
USO,2.7661,12:37:22
USO,2.765,12:37:23
USO,2.76,12:37:25
USO,2.765,12:37:26
USO,2.7695,12:37:28
USO,2.76,12:37:29
USO,2.7605,12:37:30
USO,2.76,12:37:31
USO,2.7662,12:37:32
USO,2.7653,12:37:33
USO,2.76,12:37:34
USO,2.765,12:37:36
USO,2.76,12:37:37
USO,2.765,12:37:39
USO,2.7654,12:37:40
USO,2.7653,12:37:41
USO,2.7697,12:37:42
USO,2.77,12:37:43
USO,2.765,12:37:46
USO,2.77,12:37:48
USO,2.7698,12:37:48
USO,2.7652,12:37:49
USO,2.7657,12:37:51
USO,2.7698,12:37:52
USO,2.765,12:37:53
USO,2.7669,12:37:54
