Symbol,AskPrice,Time
IBM,107.98,09:15:32
IBM,107.98,09:17:15
IBM,107.98,09:17:33
IBM,107.98,09:21:05
IBM,107.98,09:25:18
IBM,107.98,09:28:51
IBM,107.98,09:30:55
IBM,107.98,09:31:26
IBM,108.15,07:00:59
IBM,109,07:01:38
IBM,108.84,07:05:17
IBM,108.17,07:06:22
IBM,108.15,07:06:23
IBM,108.18,07:12:50
IBM,108.15,07:17:09
IBM,108,07:17:34
IBM,108.17,07:31:27
IBM,108.1,07:35:03
IBM,108,07:50:45
IBM,107.8,07:54:54
IBM,108,07:58:50
IBM,108.1,07:59:17
IBM,108,07:59:18
IBM,108.25,08:00:02
IBM,108.27,08:00:03
IBM,108.7,08:00:04
IBM,108.1,08:00:05
IBM,108,08:00:41
IBM,107.76,08:06:31
IBM,107.9,08:09:42
IBM,107.76,08:10:01
IBM,107.9,08:10:04
IBM,107.76,08:16:17
IBM,107.75,08:18:17
IBM,107.91,08:20:52
IBM,108.09,08:21:53
IBM,108.1,08:24:26
IBM,108.78,08:25:29
IBM,108.32,08:26:03
IBM,108.43,08:27:30
IBM,108.5,08:29:05
IBM,108.25,08:29:11
IBM,108.45,08:34:26
IBM,108.03,08:34:36
IBM,108.2,08:37:33
IBM,108.4,08:41:31
IBM,108.2,08:43:19
IBM,108.11,08:44:07
IBM,108.45,08:44:17
IBM,108.98,08:46:42
IBM,108.2,08:46:44
IBM,108.18,08:47:41
IBM,109.25,08:48:39
IBM,108.92,08:48:59
IBM,109.48,08:51:58
IBM,108.45,08:52:06
IBM,108.5,08:53:11
IBM,108.16,08:53:13
IBM,108.21,08:53:18
IBM,108.46,08:53:49
IBM,108.65,08:56:59
IBM,108.45,08:59:02
IBM,108.65,08:59:52
IBM,108.5,09:00:59
IBM,108.2,09:01:19
IBM,108.5,09:01:37
IBM,109,09:02:44
IBM,108.88,09:04:17
IBM,108.51,09:05:16
IBM,109,09:06:26
IBM,108.65,09:10:07
IBM,108.03,09:11:57
IBM,108.75,09:12:07
IBM,109,09:13:02
IBM,109.1,09:13:13
IBM,109.9,09:13:41
IBM,109.02,09:14:30
IBM,109.5,09:16:07
IBM,109,09:16:19
IBM,109.4,09:16:22
IBM,109.25,09:17:08
IBM,108.65,09:17:54
IBM,108.45,09:18:51
IBM,109.48,09:18:55
IBM,108.45,09:19:00
IBM,108.65,09:20:58
IBM,109.42,09:20:59
IBM,109.48,09:21:25
IBM,109.35,09:22:39
IBM,109.48,09:22:59
IBM,109.9,09:25:23
IBM,109.36,09:27:31
IBM,109.9,09:27:43
IBM,109.2,09:27:49
IBM,108.9,09:28:00
IBM,108.5,09:28:03
IBM,108.38,09:28:30
IBM,108.3,09:29:36
IBM,108.45,09:29:50
IBM,108.5,09:30:01
IBM,108.99,09:30:02
IBM,108.77,09:30:06
IBM,108.42,09:30:07
IBM,108.73,09:30:08
IBM,108.59,09:30:09
IBM,108.75,09:30:10
IBM,108.83,09:30:12
IBM,108.99,09:30:13
IBM,108.97,09:30:18
IBM,109.24,09:30:21
IBM,109.35,09:30:23
IBM,109.39,09:30:25
IBM,109.4,09:30:32
IBM,109.39,09:30:37
IBM,109.32,09:30:44
IBM,109.49,09:30:46
IBM,109.63,09:30:48
IBM,109.66,09:30:49
IBM,109.9,09:30:55
IBM,109.7592,09:30:57
IBM,109.98,09:30:59
IBM,109.83,09:31:04
IBM,109.89,09:31:06
IBM,109.895,09:31:10
IBM,109.66,09:31:13
IBM,109.79,09:31:14
IBM,109.97,09:31:24
IBM,109.825,09:31:29
IBM,109.55,09:31:37
IBM,109.65,09:31:38
IBM,109.6875,09:31:39
IBM,109.625,09:31:47
IBM,109.5736,09:31:50
IBM,109.625,09:31:51
IBM,109.77,09:31:52
IBM,109.8,09:32:04
IBM,109.98,09:32:05
IBM,109.87,09:32:08
IBM,109.98,09:32:09
IBM,109.785,09:32:11
IBM,109.99,09:32:15
IBM,109.9882,09:32:17
IBM,109.8421,09:32:18
IBM,109.8,09:32:28
IBM,109.69,09:32:31
IBM,109.73,09:32:35
IBM,109.93,09:32:36
IBM,109.83,09:32:37
IBM,109.795,09:32:43
IBM,109.79,09:32:50
IBM,109.7,09:32:51
IBM,109.705,09:32:52
IBM,109.56,09:32:53
IBM,109.525,09:32:54
IBM,109.49,09:32:59
IBM,109.46,09:33:00
IBM,109.4711,09:33:01
IBM,109.5805,09:33:02
IBM,109.4,09:33:03
IBM,109.35,09:33:04
IBM,109.48,09:33:06
IBM,109.59,09:33:07
IBM,109.35,09:33:09
IBM,109.44,09:33:10
IBM,109.2,09:33:11
IBM,109.07,09:33:12
IBM,109.08,09:33:13
IBM,109.09,09:33:14
IBM,109.11,09:33:16
IBM,109.03,09:33:17
IBM,108.905,09:33:18
IBM,108.69,09:33:19
IBM,108.89,09:33:20
IBM,108.92,09:33:25
IBM,108.81,09:33:27
IBM,108.77,09:33:29
IBM,108.9576,09:33:30
IBM,108.945,09:33:32
IBM,108.95,09:33:36
IBM,108.955,09:33:37
IBM,108.65,09:33:38
IBM,108.39,09:33:40
IBM,108.4831,09:33:41
IBM,108.38,09:33:42
IBM,108.5,09:33:43
IBM,108.6201,09:33:44
IBM,108.57,09:33:46
IBM,108.56,09:33:47
IBM,108.6,09:33:51
IBM,108.66,09:33:53
IBM,108.5175,09:33:55
IBM,108.565,09:33:59
IBM,108.57,09:34:05
IBM,108.6,09:34:06
IBM,108.55,09:34:07
IBM,108.79,09:34:09
IBM,108.975,09:34:12
IBM,108.8265,09:34:15
IBM,108.77,09:34:19
IBM,108.69,09:34:22
IBM,108.67,09:34:23
IBM,108.66,09:34:31
IBM,108.62,09:34:33
IBM,108.58,09:34:34
IBM,108.39,09:34:36
IBM,108.5333,09:34:44
IBM,108.515,09:34:46
IBM,108.52,09:34:51
IBM,108.63,09:35:00
IBM,108.785,09:35:01
IBM,108.9,09:35:02
IBM,108.95,09:35:03
IBM,108.64,09:35:05
IBM,108.7309,09:35:10
IBM,108.6401,09:35:11
IBM,108.725,09:35:16
IBM,108.55,09:35:19
IBM,108.54,09:35:20
IBM,108.84,09:35:21
IBM,108.5032,09:35:22
IBM,108.75,09:35:27
IBM,108.575,09:35:30
IBM,108.74,09:35:35
IBM,108.575,09:35:50
IBM,108.58,09:35:54
IBM,108.585,09:36:00
IBM,108.75,09:36:03
IBM,108.7962,09:36:08
IBM,108.53,09:36:13
IBM,108.55,09:36:14
IBM,108.645,09:36:19
IBM,108.9,09:36:21
IBM,108.27,09:36:24
IBM,108.3683,09:36:26
IBM,108.5,09:36:29
IBM,108.6987,09:36:34
IBM,108.8301,09:36:35
IBM,108.4,09:36:37
IBM,108.65,09:36:40
IBM,108.4,09:36:49
IBM,108.525,09:36:51
IBM,108.6,09:36:54
IBM,108.4633,09:36:55
IBM,108.52,09:36:56
IBM,108.4001,09:37:05
IBM,108.45,09:37:08
IBM,108.5588,09:37:11
IBM,108.65,09:37:12
IBM,108.6236,09:37:13
IBM,108.49,09:37:19
IBM,108.84,09:37:21
IBM,108.69,09:37:22
IBM,108.7317,09:37:23
IBM,108.69,09:37:24
IBM,108.5,09:37:27
IBM,108.86,09:37:31
IBM,108.63,09:37:32
IBM,108.45,09:37:41
IBM,108.47,09:37:43
IBM,108.475,09:37:44
IBM,108.45,09:37:45
IBM,108.475,09:37:46
IBM,108.45,09:37:48
IBM,108.49,09:37:51
IBM,108.45,09:37:52
IBM,108.47,09:37:58
IBM,108.45,09:37:59
IBM,108.5,09:38:01
IBM,108.48,09:38:02
IBM,108.57,09:38:05
IBM,108.6064,09:38:07
IBM,108.64,09:38:21
IBM,108.545,09:38:22
IBM,108.64,09:38:25
IBM,108.65,09:38:55
IBM,108.675,09:38:58
IBM,108.67,09:39:02
IBM,108.56,09:39:03
IBM,108.4,09:39:07
IBM,108.54,09:39:12
IBM,108.32,09:39:14
IBM,108.5001,09:39:20
IBM,108.55,09:39:21
IBM,108.5334,09:39:23
IBM,108.66,09:39:24
IBM,108.55,09:39:29
IBM,108.47,09:39:38
IBM,108.495,09:39:44
IBM,108.38,09:39:49
IBM,108.34,09:39:53
IBM,108.505,09:39:55
IBM,108.65,09:40:00
IBM,108.3965,09:40:02
IBM,108.3701,09:40:03
IBM,108.51,09:40:05
IBM,108.454,09:40:06
IBM,108.5,09:40:07
IBM,108.53,09:40:08
IBM,108.78,09:40:10
IBM,108.77,09:40:12
IBM,108.645,09:40:13
IBM,108.77,09:40:21
IBM,108.79,09:40:22
IBM,108.6355,09:40:32
IBM,108.655,09:40:39
IBM,108.65,09:40:42
IBM,108.655,09:40:43
IBM,108.681,09:40:45
IBM,108.7971,09:40:46
IBM,108.5396,09:40:53
IBM,108.6234,09:40:54
IBM,108.71,09:40:55
IBM,108.66,09:41:04
IBM,108.635,09:41:05
IBM,108.53,09:41:06
IBM,108.5883,09:41:16
IBM,108.41,09:41:21
IBM,108.68,09:41:22
IBM,108.52,09:41:26
IBM,108.45,09:41:28
IBM,108.5412,09:41:30
IBM,108.575,09:41:32
IBM,108.53,09:41:37
IBM,108.5489,09:41:40
IBM,108.51,09:41:41
IBM,108.4902,09:41:42
IBM,108.515,09:41:43
IBM,108.42,09:41:52
IBM,108.495,09:42:02
IBM,108.485,09:42:05
IBM,108.3708,09:42:06
IBM,108.495,09:42:07
IBM,108.41,09:42:10
IBM,108.495,09:42:11
IBM,108.49,09:42:13
IBM,108.4339,09:42:15
IBM,108.49,09:42:19
IBM,108.4045,09:42:20
IBM,108.43,09:42:21
IBM,108.47,09:42:22
IBM,108.48,09:42:24
IBM,108.47,09:42:29
IBM,108.48,09:42:30
IBM,108.35,09:42:31
IBM,108.425,09:42:38
IBM,108.26,09:42:50
IBM,108.21,09:43:00
IBM,108.275,09:43:01
IBM,108.33,09:43:02
IBM,108.21,09:43:03
IBM,108.31,09:43:04
IBM,108.4099,09:43:06
IBM,108.22,09:43:07
IBM,108.2,09:43:09
IBM,108.18,09:43:10
IBM,108.21,09:43:14
IBM,108.17,09:43:15
IBM,108.14,09:43:18
IBM,108.3,09:43:19
IBM,108.14,09:43:24
IBM,107.8439,09:43:26
IBM,107.9469,09:43:27
IBM,108.14,09:43:28
IBM,108.13,09:43:29
IBM,107.81,09:43:30
IBM,108.42,09:43:38
IBM,108.2059,09:43:45
IBM,108.3,09:43:46
IBM,108.0101,09:43:48
IBM,108.07,09:43:52
IBM,108.2343,09:43:54
IBM,108.225,09:43:59
IBM,108.264,09:44:00
IBM,108.308,09:44:02
IBM,108.22,09:44:05
IBM,108.2524,09:44:19
IBM,108.345,09:44:23
IBM,108.23,09:44:26
IBM,108.3089,09:44:28
IBM,108.43,09:44:30
IBM,108.46,09:44:37
IBM,108.62,09:44:38
IBM,108.64,09:44:40
IBM,108.344,09:44:43
IBM,108.4526,09:44:45
IBM,108.4751,09:44:46
IBM,108.48,09:44:48
IBM,108.5274,09:44:55
IBM,108.4875,09:44:58
IBM,108.48,09:44:59
IBM,108.49,09:45:06
IBM,108.4971,09:45:08
IBM,108.64,09:45:09
IBM,108.49,09:45:11
IBM,108.36,09:45:20
IBM,108.425,09:45:27
IBM,108.39,09:45:32
IBM,108.38,09:45:34
IBM,108.39,09:45:39
IBM,108.375,09:45:41
IBM,108.44,09:45:43
IBM,108.395,09:45:52
IBM,108.35,09:45:53
IBM,108.37,09:45:57
IBM,108.38,09:45:57
IBM,108.3761,09:46:06
IBM,108.395,09:46:09
IBM,108.2994,09:46:15
IBM,108.37,09:46:16
IBM,108.27,09:46:20
IBM,108.29,09:46:21
IBM,108.25,09:46:23
IBM,108.2,09:46:24
IBM,108.16,09:46:27
IBM,108.25,09:46:34
IBM,108.24,09:46:40
IBM,108.1,09:46:51
IBM,108.24,09:46:53
IBM,108.155,09:46:54
IBM,108.24,09:46:55
IBM,108.29,09:47:05
IBM,108.269,09:47:10
IBM,108.3,09:47:11
IBM,108.195,09:47:13
IBM,108.19,09:47:16
IBM,108.28,09:47:17
IBM,108.1922,09:47:20
IBM,108.11,09:47:26
IBM,108.26,09:47:32
IBM,108.263,09:47:34
IBM,108.29,09:47:41
IBM,108.2901,09:47:49
IBM,108.3215,09:47:51
IBM,108.38,09:47:52
IBM,108.35,09:47:53
IBM,108.32,09:47:56
IBM,108.28,09:47:57
IBM,108.18,09:48:01
IBM,108.1201,09:48:02
IBM,108.18,09:48:03
IBM,108.21,09:48:14
IBM,108.25,09:48:16
IBM,108.13,09:48:21
IBM,108.19,09:48:23
IBM,108.24,09:48:24
IBM,108.1906,09:48:30
IBM,108.19,09:48:32
IBM,108.15,09:48:40
IBM,108.23,09:48:41
IBM,108.195,09:48:42
IBM,108.25,09:48:44
IBM,108.14,09:48:45
IBM,108.25,09:48:48
IBM,108.29,09:48:51
IBM,108.196,09:48:59
IBM,108.28,09:49:06
IBM,108.27,09:49:10
IBM,108.26,09:49:14
IBM,108.27,09:49:15
IBM,108.26,09:49:17
IBM,108.13,09:49:18
IBM,108.195,09:49:19
IBM,108.26,09:49:20
IBM,108.31,09:49:21
IBM,108.335,09:49:23
IBM,108.4111,09:49:29
IBM,108.34,09:49:34
IBM,108.3538,09:49:35
IBM,108.3383,09:49:38
IBM,108.335,09:49:41
IBM,108.3309,09:49:47
IBM,108.27,09:49:48
IBM,108.25,09:49:49
IBM,108.31,09:49:50
IBM,108.175,09:49:55
IBM,108.313,09:49:56
IBM,108.17,09:49:58
IBM,108.25,09:50:00
IBM,108.31,09:50:02
IBM,108.33,09:50:07
IBM,108.37,09:50:13
IBM,108.52,09:50:14
IBM,108.58,09:50:15
IBM,108.54,09:50:20
IBM,108.44,09:50:28
IBM,108.4,09:50:29
IBM,108.48,09:50:30
IBM,108.55,09:50:35
IBM,108.59,09:50:36
IBM,108.5536,09:50:37
IBM,108.61,09:50:38
IBM,108.644,09:50:49
IBM,108.5702,09:50:50
IBM,108.575,09:50:52
IBM,108.585,09:51:05
IBM,108.7,09:51:12
IBM,108.7501,09:51:27
IBM,108.71,09:51:33
IBM,108.73,09:51:34
IBM,108.7,09:51:35
IBM,108.65,09:51:37
IBM,108.63,09:51:38
IBM,108.72,09:51:39
IBM,108.73,09:51:44
IBM,108.72,09:51:54
IBM,108.71,09:51:59
IBM,108.78,09:52:00
IBM,108.79,09:52:04
IBM,108.7861,09:52:05
IBM,108.89,09:52:07
IBM,108.7811,09:52:13
IBM,108.885,09:52:16
IBM,108.89,09:52:18
IBM,108.845,09:52:39
IBM,108.89,09:52:40
IBM,109,09:52:43
IBM,108.935,09:52:46
IBM,108.905,09:52:47
IBM,108.89,09:52:47
IBM,108.84,09:52:50
IBM,108.88,09:52:54
IBM,108.885,09:52:59
IBM,108.86,09:53:15
IBM,108.79,09:53:16
IBM,108.77,09:53:19
IBM,108.71,09:53:22
IBM,108.68,09:53:25
IBM,108.675,09:53:33
IBM,108.6179,09:53:34
IBM,108.51,09:53:46
IBM,108.59,09:53:48
IBM,108.68,09:53:58
IBM,108.59,09:54:00
IBM,108.53,09:54:03
IBM,108.55,09:54:07
IBM,108.46,09:54:09
IBM,108.435,09:54:10
IBM,108.38,09:54:11
IBM,108.33,09:54:12
IBM,108.45,09:54:16
IBM,108.22,09:54:17
IBM,108.515,09:54:22
IBM,108.38,09:54:23
IBM,108.252,09:54:27
IBM,108.38,09:54:29
IBM,108.22,09:54:30
IBM,108.48,09:54:37
IBM,108.5,09:54:38
IBM,108.48,09:54:41
IBM,108.4006,09:54:42
IBM,108.356,09:54:43
IBM,108.3,09:54:45
IBM,108.43,09:54:55
IBM,108.42,09:55:00
IBM,108.45,09:55:02
IBM,108.54,09:55:09
IBM,108.5,09:55:10
IBM,108.3889,09:55:16
IBM,108.45,09:55:19
IBM,108.52,09:55:26
IBM,108.53,09:55:30
IBM,108.445,09:55:32
IBM,108.53,09:55:38
IBM,108.5,09:55:39
IBM,108.39,09:55:41
IBM,108.5899,09:55:42
IBM,108.59,09:55:48
IBM,108.58,09:55:58
IBM,108.5781,09:56:00
IBM,108.5,09:56:01
IBM,108.6,09:56:04
IBM,108.5,09:56:05
IBM,108.62,09:56:10
IBM,108.5852,09:56:35
IBM,108.66,09:56:39
IBM,108.71,09:56:41
IBM,108.55,09:56:42
IBM,108.53,09:56:45
IBM,108.61,09:56:46
IBM,108.58,09:56:47
IBM,108.51,09:56:48
IBM,108.4242,09:56:51
IBM,108.55,09:56:52
IBM,108.371,09:56:57
IBM,108.435,09:57:07
IBM,108.3,09:57:08
IBM,108.25,09:57:10
IBM,108.37,09:57:16
IBM,108.32,09:57:17
IBM,108.27,09:57:18
IBM,108.39,09:57:20
IBM,108.49,09:57:37
IBM,108.435,09:57:40
IBM,108.49,09:57:41
IBM,108.5,09:57:48
IBM,108.51,09:57:52
IBM,108.441,09:57:53
IBM,108.53,09:57:55
IBM,108.48,09:57:58
IBM,108.505,09:58:00
IBM,108.59,09:58:04
IBM,108.4475,09:58:10
IBM,108.595,09:58:11
IBM,108.54,09:58:18
IBM,108.53,09:58:21
IBM,108.58,09:58:33
IBM,108.6,09:58:34
IBM,108.6201,09:58:35
IBM,108.55,09:58:45
IBM,108.62,09:58:46
IBM,108.5877,09:58:50
IBM,108.57,09:58:53
IBM,108.66,09:58:56
IBM,108.565,09:59:00
IBM,108.5506,09:59:00
IBM,108.6026,09:59:02
IBM,108.565,09:59:03
IBM,108.57,09:59:06
IBM,108.565,09:59:07
IBM,108.5,09:59:08
IBM,108.7514,09:59:10
IBM,108.91,09:59:20
IBM,108.7732,09:59:28
IBM,108.685,09:59:29
IBM,108.9,09:59:38
IBM,108.805,09:59:43
IBM,108.68,09:59:44
IBM,108.93,09:59:47
IBM,108.92,09:59:48
IBM,108.98,09:59:54
IBM,108.99,09:59:55
IBM,108.68,09:59:57
IBM,108.83,10:00:01
IBM,108.95,10:00:13
IBM,108.8218,10:00:18
IBM,108.8516,10:00:19
IBM,108.94,10:00:20
IBM,108.8798,10:00:33
IBM,108.85,10:00:34
IBM,108.915,10:00:36
IBM,108.95,10:00:37
IBM,108.8525,10:00:45
IBM,108.84,10:00:49
IBM,108.79,10:00:53
IBM,108.76,10:01:05
IBM,108.65,10:01:12
IBM,108.6913,10:01:13
IBM,108.685,10:01:14
IBM,108.61,10:01:16
IBM,108.6018,10:01:17
IBM,108.545,10:01:22
IBM,108.5659,10:01:23
IBM,108.43,10:01:29
IBM,108.505,10:01:32
IBM,108.485,10:01:38
IBM,108.48,10:01:47
IBM,108.4768,10:01:48
IBM,108.41,10:01:49
IBM,108.53,10:01:56
IBM,108.495,10:01:58
IBM,108.42,10:01:59
IBM,108.4704,10:02:01
IBM,108.53,10:02:02
IBM,108.42,10:02:03
IBM,108.51,10:02:13
IBM,108.43,10:02:17
IBM,108.39,10:02:18
IBM,108.48,10:02:22
IBM,108.54,10:02:25
IBM,108.475,10:02:32
IBM,108.5333,10:02:33
IBM,108.65,10:02:36
IBM,108.69,10:02:41
IBM,108.58,10:02:49
IBM,108.675,10:02:50
IBM,108.6599,10:02:58
IBM,108.77,10:03:00
IBM,108.6528,10:03:03
IBM,108.9,10:03:07
IBM,108.93,10:03:09
IBM,108.95,10:03:10
IBM,108.9,10:03:15
IBM,108.855,10:03:17
IBM,108.875,10:03:21
IBM,108.96,10:03:22
IBM,108.85,10:03:33
IBM,108.8788,10:03:36
IBM,108.96,10:03:41
IBM,108.95,10:03:43
IBM,108.865,10:03:54
IBM,108.7901,10:03:58
IBM,108.93,10:04:07
IBM,108.86,10:04:10
IBM,108.93,10:04:13
IBM,108.86,10:04:14
IBM,108.92,10:04:22
IBM,108.855,10:04:25
IBM,108.93,10:04:27
IBM,108.98,10:04:29
IBM,109,10:04:31
IBM,109.08,10:04:38
IBM,109.1,10:04:47
IBM,109.26,10:04:53
IBM,109.2058,10:05:01
IBM,109.26,10:05:02
IBM,109.135,10:05:04
IBM,109.18,10:05:05
IBM,109.165,10:05:10
IBM,109.2,10:05:12
IBM,109.21,10:05:16
IBM,109.2614,10:05:18
IBM,109.3,10:05:19
IBM,109.3876,10:05:20
IBM,109.37,10:05:22
IBM,109.4,10:05:23
IBM,109.345,10:05:28
IBM,109.45,10:05:32
IBM,109.46,10:05:37
IBM,109.41,10:05:44
IBM,109.435,10:05:50
IBM,109.41,10:05:51
IBM,109.4145,10:05:53
IBM,109.47,10:05:55
IBM,109.5,10:05:57
IBM,109.46,10:06:06
IBM,109.47,10:06:08
IBM,109.495,10:06:15
IBM,109.59,10:06:20
IBM,109.4969,10:06:21
IBM,109.59,10:06:22
IBM,109.5463,10:06:25
IBM,109.53,10:06:26
IBM,109.57,10:06:27
IBM,109.525,10:06:29
IBM,109.53,10:06:41
IBM,109.48,10:06:44
IBM,109.37,10:06:46
IBM,109.35,10:06:47
IBM,109.33,10:06:51
IBM,109.35,10:06:52
IBM,109.39,10:06:56
IBM,109.345,10:06:58
IBM,109.4,10:06:59
IBM,109.3413,10:07:00
IBM,109.35,10:07:10
IBM,109.365,10:07:13
IBM,109.335,10:07:15
IBM,109.27,10:07:17
IBM,109.32,10:07:18
IBM,109.34,10:07:20
IBM,109.32,10:07:23
IBM,109.39,10:07:23
IBM,109.3756,10:07:31
IBM,109.3118,10:07:32
IBM,109.295,10:07:33
IBM,109.29,10:07:36
IBM,109.32,10:07:40
IBM,109.2875,10:07:44
IBM,109.275,10:07:45
IBM,109.29,10:07:49
IBM,109.35,10:07:50
IBM,109.39,10:07:51
IBM,109.34,10:08:02
IBM,109.3578,10:08:08
IBM,109.39,10:08:09
IBM,109.34,10:08:12
IBM,109.3336,10:08:13
IBM,109.34,10:08:21
IBM,109.4,10:08:23
IBM,109.46,10:08:25
IBM,109.475,10:08:26
IBM,109.46,10:08:29
IBM,109.4171,10:08:31
IBM,109.41,10:08:44
IBM,109.4,10:08:46
IBM,109.37,10:08:47
IBM,109.34,10:08:49
IBM,109.23,10:08:53
IBM,109.16,10:08:55
IBM,109.259,10:09:01
IBM,109.2429,10:09:03
IBM,109.28,10:09:07
IBM,109.2741,10:09:10
IBM,109.28,10:09:16
IBM,109.1401,10:09:19
IBM,109.32,10:09:22
IBM,109.33,10:09:23
IBM,109.257,10:09:31
IBM,109.25,10:09:33
IBM,109.2356,10:09:35
IBM,109.2521,10:09:39
IBM,109.33,10:09:42
IBM,109.5,10:09:48
IBM,109.5299,10:09:49
IBM,109.53,10:09:54
IBM,109.56,10:09:55
IBM,109.505,10:09:58
IBM,109.5,10:10:03
IBM,109.47,10:10:05
IBM,109.52,10:10:06
IBM,109.49,10:10:09
IBM,109.48,10:10:11
IBM,109.51,10:10:13
IBM,109.3825,10:10:15
IBM,109.49,10:10:16
IBM,109.5,10:10:18
IBM,109.55,10:10:21
IBM,109.63,10:10:23
IBM,109.56,10:10:26
IBM,109.59,10:10:27
IBM,109.51,10:10:28
IBM,109.47,10:10:29
IBM,109.46,10:10:31
IBM,109.522,10:10:32
IBM,109.57,10:10:34
IBM,109.52,10:10:36
IBM,109.5,10:10:37
IBM,109.49,10:10:44
IBM,109.5444,10:10:47
IBM,109.53,10:10:51
IBM,109.5053,10:10:56
IBM,109.48,10:10:59
IBM,109.52,10:11:00
IBM,109.5,10:11:01
IBM,109.55,10:11:02
IBM,109.59,10:11:03
IBM,109.56,10:11:06
IBM,109.6,10:11:07
IBM,109.53,10:11:08
IBM,109.59,10:11:09
IBM,109.65,10:11:10
IBM,109.59,10:11:11
IBM,109.65,10:11:12
IBM,109.52,10:11:13
IBM,109.53,10:11:14
IBM,109.4,10:11:20
IBM,109.53,10:11:21
IBM,109.59,10:11:24
IBM,109.65,10:11:27
IBM,109.63,10:11:33
IBM,109.61,10:11:44
IBM,109.66,10:11:48
IBM,109.69,10:11:50
IBM,109.575,10:11:57
IBM,109.64,10:12:05
IBM,109.58,10:12:12
IBM,109.64,10:12:15
IBM,109.6,10:12:15
IBM,109.585,10:12:16
IBM,109.64,10:12:21
IBM,109.55,10:12:26
IBM,109.53,10:12:30
IBM,109.55,10:12:31
IBM,109.49,10:12:35
IBM,109.5,10:12:37
IBM,109.485,10:12:45
IBM,109.52,10:12:46
IBM,109.53,10:12:53
IBM,109.51,10:12:58
IBM,109.48,10:12:59
IBM,109.47,10:13:00
IBM,109.51,10:13:04
IBM,109.39,10:13:06
IBM,109.49,10:13:07
IBM,109.51,10:13:08
IBM,109.45,10:13:10
IBM,109.43,10:13:13
IBM,109.51,10:13:18
IBM,109.47,10:13:22
IBM,109.45,10:13:24
IBM,109.455,10:13:25
IBM,109.51,10:13:30
IBM,109.525,10:13:31
IBM,109.58,10:13:36
IBM,109.59,10:13:37
IBM,109.5995,10:13:38
IBM,109.6,10:13:39
IBM,109.62,10:13:45
IBM,109.66,10:13:51
IBM,109.67,10:13:52
IBM,109.79,10:14:06
IBM,109.68,10:14:09
IBM,109.71,10:14:16
IBM,109.7185,10:14:19
IBM,109.79,10:14:22
IBM,109.87,10:14:23
IBM,109.8,10:14:27
IBM,109.785,10:14:30
IBM,109.795,10:14:35
IBM,109.82,10:14:49
IBM,109.825,10:14:53
IBM,109.85,10:15:01
IBM,109.7501,10:15:03
IBM,109.745,10:15:05
IBM,109.82,10:15:06
IBM,109.74,10:15:12
IBM,109.79,10:15:14
IBM,109.81,10:15:15
IBM,109.8,10:15:16
IBM,109.81,10:15:22
IBM,109.86,10:15:24
IBM,109.8292,10:15:28
IBM,109.87,10:15:30
IBM,109.865,10:15:39
IBM,109.98,10:15:42
IBM,109.89,10:15:47
IBM,109.93,10:15:56
IBM,109.85,10:15:57
IBM,109.9099,10:16:01
IBM,109.91,10:16:08
IBM,109.8701,10:16:13
IBM,109.9121,10:16:14
IBM,109.87,10:16:15
IBM,109.85,10:16:18
IBM,110.03,10:16:22
IBM,110,10:16:37
IBM,109.9607,10:16:39
IBM,109.985,10:16:46
IBM,110.1,10:17:01
IBM,110,10:17:10
IBM,109.9875,10:17:11
IBM,109.98,10:17:21
IBM,109.99,10:17:22
IBM,110.01,10:17:23
IBM,110.06,10:17:26
IBM,110.1,10:17:31
IBM,110.3,10:17:32
IBM,110.245,10:17:33
IBM,110.19,10:17:34
IBM,110.31,10:17:37
IBM,110.245,10:17:41
IBM,110.2511,10:17:42
IBM,110.2,10:17:44
IBM,110.25,10:17:49
IBM,110.2,10:17:53
IBM,110.125,10:18:04
IBM,110.1416,10:18:12
IBM,110.125,10:18:13
IBM,110.09,10:18:18
IBM,110.16,10:18:21
IBM,110.26,10:18:23
IBM,110.23,10:18:25
IBM,110.2,10:18:26
IBM,110.19,10:18:29
IBM,110.07,10:18:39
IBM,110.1271,10:18:45
IBM,110.17,10:18:52
IBM,110.12,10:18:55
IBM,110.07,10:18:56
IBM,110,10:18:57
IBM,110.025,10:18:59
IBM,110,10:19:02
IBM,109.97,10:19:03
IBM,110.002,10:19:04
IBM,110,10:19:05
IBM,110.01,10:19:11
IBM,109.99,10:19:15
IBM,110.04,10:19:22
IBM,110.05,10:19:23
IBM,110.09,10:19:25
IBM,110.07,10:19:27
IBM,110.11,10:19:38
IBM,110.1,10:19:43
IBM,110.08,10:19:47
IBM,110.16,10:19:55
IBM,110.205,10:20:00
IBM,110.16,10:20:02
IBM,110,10:20:22
IBM,110.02,10:20:23
IBM,110.145,10:20:37
IBM,110.1824,10:20:39
IBM,110.17,10:20:41
IBM,110.1373,10:20:45
IBM,110.1637,10:20:47
IBM,110.12,10:20:48
IBM,110.2,10:21:00
IBM,110.21,10:21:03
IBM,110.254,10:21:05
IBM,110.23,10:21:15
IBM,110.154,10:21:17
IBM,110.165,10:21:18
IBM,110.17,10:21:20
IBM,110.22,10:21:34
IBM,110.3,10:21:36
IBM,110.25,10:21:37
IBM,110.255,10:21:39
IBM,110.25,10:21:40
IBM,110.19,10:21:42
IBM,110.24,10:21:43
IBM,110.225,10:21:55
IBM,110.3,10:21:57
IBM,110.28,10:22:02
IBM,110.29,10:22:04
IBM,110.25,10:22:10
IBM,110.2833,10:22:11
IBM,110.28,10:22:22
IBM,110.19,10:22:31
IBM,110.13,10:22:37
IBM,110.22,10:22:38
IBM,110.2452,10:22:39
IBM,110.19,10:22:41
IBM,110.1217,10:22:54
IBM,110.14,10:22:56
IBM,110.09,10:22:57
IBM,110.15,10:22:59
IBM,110.07,10:23:03
IBM,110.03,10:23:05
IBM,110.06,10:23:09
IBM,110.09,10:23:11
IBM,110.12,10:23:15
IBM,110.06,10:23:15
IBM,110.05,10:23:16
IBM,109.96,10:23:17
IBM,109.98,10:23:19
IBM,110.05,10:23:22
IBM,110.11,10:23:23
IBM,110.12,10:23:29
IBM,110.08,10:23:32
IBM,110.14,10:23:33
IBM,110.135,10:23:35
IBM,110.14,10:23:36
IBM,110.13,10:23:40
IBM,110.11,10:23:42
IBM,110.1194,10:23:46
IBM,110.11,10:23:47
IBM,110.035,10:23:49
IBM,110.03,10:23:55
IBM,110.07,10:23:57
IBM,110.1,10:23:59
IBM,110.15,10:24:05
IBM,110.16,10:24:06
IBM,110.085,10:24:13
IBM,110.07,10:24:18
IBM,110.05,10:24:19
IBM,110.02,10:24:20
IBM,109.98,10:24:28
IBM,109.95,10:24:29
IBM,110.03,10:24:30
IBM,109.92,10:24:32
IBM,109.94,10:24:34
IBM,109.86,10:24:37
IBM,109.905,10:24:38
IBM,109.95,10:24:43
IBM,109.9,10:24:46
IBM,109.835,10:24:48
IBM,109.91,10:24:53
IBM,109.955,10:24:55
IBM,109.9734,10:25:00
IBM,109.955,10:25:03
IBM,109.89,10:25:09
IBM,109.84,10:25:13
IBM,109.79,10:25:14
IBM,109.76,10:25:15
IBM,109.77,10:25:16
IBM,109.775,10:25:18
IBM,109.813,10:25:23
IBM,109.82,10:25:25
IBM,109.8345,10:25:26
IBM,110.1,10:25:28
IBM,110,10:25:33
IBM,110.05,10:25:34
IBM,110.01,10:25:36
IBM,109.975,10:25:42
IBM,110.1,10:25:44
IBM,110.06,10:25:45
IBM,110.0538,10:25:48
IBM,110.05,10:25:53
IBM,110.1,10:25:54
IBM,110.06,10:26:00
IBM,110.08,10:26:02
IBM,110.0413,10:26:06
IBM,110.03,10:26:12
IBM,110.13,10:26:13
IBM,110.1282,10:26:14
IBM,110.15,10:26:23
IBM,110.08,10:26:25
IBM,110.1481,10:26:29
IBM,110.1,10:26:36
IBM,110,10:26:40
IBM,109.9976,10:26:41
IBM,110.0304,10:26:42
IBM,110.04,10:26:43
IBM,110.03,10:26:46
IBM,110.07,10:26:49
IBM,110.2,10:26:58
IBM,110.218,10:27:20
IBM,110.2421,10:27:22
IBM,110.25,10:27:25
IBM,110.23,10:27:26
IBM,110.2,10:27:27
IBM,110.1269,10:27:35
IBM,110.21,10:27:36
IBM,110.247,10:27:40
IBM,110.28,10:27:41
IBM,110.265,10:27:50
IBM,110.2611,10:27:52
IBM,110.26,10:27:59
IBM,110.2753,10:28:00
IBM,110.2,10:28:04
IBM,110.1,10:28:24
IBM,110.12,10:28:30
IBM,110.13,10:28:31
IBM,110.24,10:28:34
IBM,110.17,10:28:39
IBM,110.19,10:28:49
IBM,110.21,10:29:01
IBM,110.25,10:29:03
IBM,110.24,10:29:08
IBM,110.1866,10:29:13
IBM,110.18,10:29:14
IBM,110.1107,10:29:24
IBM,110.06,10:29:28
IBM,110.1358,10:29:32
IBM,110.18,10:29:43
IBM,110.11,10:29:50
IBM,110.055,10:29:51
IBM,110.16,10:29:53
IBM,110.1839,10:30:03
IBM,110.1384,10:30:14
IBM,110.02,10:30:18
IBM,110,10:30:23
IBM,110.0463,10:30:27
IBM,110.1,10:30:28
IBM,110.08,10:30:40
IBM,110,10:30:55
IBM,110.02,10:30:56
IBM,109.91,10:30:58
IBM,109.8674,10:31:01
IBM,109.81,10:31:04
IBM,109.8,10:31:05
IBM,109.93,10:31:15
IBM,109.95,10:31:16
IBM,110.03,10:31:23
IBM,109.9306,10:31:28
IBM,110.03,10:31:30
IBM,110.01,10:31:37
IBM,109.935,10:31:39
IBM,110.05,10:31:48
IBM,110.02,10:32:00
IBM,110.0642,10:32:02
IBM,110.05,10:32:04
IBM,109.995,10:32:09
IBM,110.11,10:32:22
IBM,110.01,10:32:25
IBM,109.999,10:32:35
IBM,110.07,10:32:44
IBM,109.995,10:32:45
IBM,110,10:32:58
IBM,109.965,10:32:59
IBM,109.935,10:33:00
IBM,109.92,10:33:01
IBM,109.93,10:33:05
IBM,109.97,10:33:09
IBM,109.96,10:33:12
IBM,110,10:33:17
IBM,110.09,10:33:27
IBM,110.0114,10:33:28
IBM,109.95,10:33:32
IBM,109.99,10:33:34
IBM,110.015,10:33:43
IBM,110.01,10:33:48
IBM,110,10:33:54
IBM,110.08,10:34:04
IBM,110.17,10:34:11
IBM,110.18,10:34:23
IBM,110.1647,10:34:24
IBM,110.19,10:34:26
IBM,110.2,10:34:28
IBM,110.25,10:34:31
IBM,110.2699,10:34:33
IBM,110.24,10:34:35
IBM,110.18,10:34:37
IBM,110.19,10:34:38
IBM,110.24,10:34:39
IBM,110.22,10:34:43
IBM,110.2799,10:34:44
IBM,110.26,10:34:47
IBM,110.35,10:34:49
IBM,110.41,10:34:50
IBM,110.37,10:34:52
IBM,110.3308,10:34:55
IBM,110.36,10:35:01
IBM,110.42,10:35:02
IBM,110.425,10:35:04
IBM,110.46,10:35:06
IBM,110.44,10:35:15
IBM,110.39,10:35:16
IBM,110.45,10:35:23
IBM,110.49,10:35:25
IBM,110.4603,10:35:36
IBM,110.41,10:35:39
IBM,110.45,10:35:42
IBM,110.48,10:35:47
IBM,110.51,10:35:49
IBM,110.57,10:35:50
IBM,110.6,10:35:51
IBM,110.6502,10:36:07
IBM,110.63,10:36:20
IBM,110.64,10:36:23
IBM,110.605,10:36:24
IBM,110.57,10:36:31
IBM,110.5825,10:36:34
IBM,110.5781,10:36:35
IBM,110.61,10:36:37
IBM,110.64,10:36:41
IBM,110.68,10:36:43
IBM,110.66,10:36:44
IBM,110.62,10:36:48
IBM,110.66,10:36:52
IBM,110.6,10:36:56
IBM,110.66,10:36:59
IBM,110.68,10:37:03
IBM,110.74,10:37:14
IBM,110.8,10:37:16
IBM,110.805,10:37:21
IBM,110.82,10:37:23
IBM,110.89,10:37:24
IBM,110.85,10:37:29
IBM,110.87,10:37:31
IBM,110.73,10:37:32
IBM,110.86,10:37:41
IBM,110.8048,10:37:47
IBM,110.8,10:37:50
IBM,110.79,10:37:57
IBM,110.8,10:38:02
IBM,110.794,10:38:06
IBM,110.81,10:38:07
IBM,110.79,10:38:12
IBM,110.89,10:38:20
IBM,110.97,10:38:23
IBM,110.92,10:38:25
IBM,110.87,10:38:28
IBM,110.82,10:38:32
IBM,110.83,10:38:34
IBM,110.919,10:38:36
IBM,110.831,10:38:42
IBM,110.92,10:38:43
IBM,110.91,10:38:47
IBM,110.87,10:38:49
IBM,110.8553,10:38:53
IBM,110.875,10:39:00
IBM,110.92,10:39:01
IBM,110.8772,10:39:09
IBM,110.835,10:39:14
IBM,110.88,10:39:22
IBM,110.9,10:39:34
IBM,110.97,10:39:36
IBM,110.89,10:39:39
IBM,110.85,10:39:47
IBM,110.8858,10:39:48
IBM,110.785,10:39:53
IBM,110.77,10:39:54
IBM,110.81,10:39:56
IBM,110.8296,10:40:01
IBM,110.76,10:40:02
IBM,110.775,10:40:10
IBM,110.7885,10:40:12
IBM,110.82,10:40:13
IBM,110.78,10:40:16
IBM,110.771,10:40:20
IBM,110.82,10:40:20
IBM,110.78,10:40:22
IBM,110.82,10:40:23
IBM,110.87,10:40:23
IBM,110.82,10:40:24
IBM,110.87,10:40:25
IBM,110.83,10:40:29
IBM,110.79,10:40:36
IBM,110.85,10:40:38
IBM,110.8479,10:40:47
IBM,110.91,10:40:55
IBM,110.8327,10:40:56
IBM,110.91,10:41:00
IBM,110.94,10:41:06
IBM,110.95,10:41:12
IBM,110.905,10:41:14
IBM,110.95,10:41:16
IBM,111.015,10:41:24
IBM,111.03,10:41:25
IBM,111,10:41:32
IBM,110.965,10:41:33
IBM,110.93,10:41:40
IBM,110.91,10:41:41
IBM,110.94,10:41:47
IBM,110.91,10:41:48
IBM,110.87,10:41:49
IBM,110.9,10:41:54
IBM,110.95,10:41:57
IBM,110.94,10:42:01
IBM,110.87,10:42:05
IBM,110.85,10:42:12
IBM,110.8215,10:42:14
IBM,110.825,10:42:15
IBM,110.87,10:42:18
IBM,110.91,10:42:19
IBM,110.98,10:42:20
IBM,110.99,10:42:23
IBM,111.02,10:42:23
IBM,111.06,10:42:25
IBM,110.98,10:42:29
IBM,110.9449,10:42:32
IBM,111,10:42:45
IBM,111.08,10:42:51
IBM,111.025,10:42:58
IBM,110.98,10:42:59
IBM,110.92,10:43:03
IBM,110.955,10:43:12
IBM,110.96,10:43:19
IBM,110.93,10:43:22
IBM,110.985,10:43:23
IBM,110.94,10:43:24
IBM,110.96,10:43:25
IBM,110.95,10:43:27
IBM,110.99,10:43:29
IBM,110.94,10:43:30
IBM,110.84,10:43:33
IBM,110.9,10:43:35
IBM,110.89,10:43:36
IBM,110.9,10:43:37
IBM,110.8988,10:43:43
IBM,110.92,10:43:44
IBM,110.87,10:43:56
IBM,110.8,10:44:04
IBM,110.79,10:44:06
IBM,110.835,10:44:10
IBM,110.87,10:44:11
IBM,110.8356,10:44:15
IBM,110.85,10:44:16
IBM,110.79,10:44:18
IBM,110.8,10:44:23
IBM,110.76,10:44:28
IBM,110.78,10:44:29
IBM,110.69,10:44:38
IBM,110.67,10:44:41
IBM,110.725,10:44:50
IBM,110.7307,10:44:54
IBM,110.75,10:44:58
IBM,110.66,10:45:08
IBM,110.57,10:45:14
IBM,110.65,10:45:15
IBM,110.615,10:45:18
IBM,110.6064,10:45:19
IBM,110.615,10:45:21
IBM,110.69,10:45:23
IBM,110.6501,10:45:24
IBM,110.75,10:45:29
IBM,110.8562,10:45:30
IBM,110.86,10:45:31
IBM,110.89,10:45:49
IBM,110.98,10:45:52
IBM,110.93,10:45:53
IBM,110.9224,10:45:57
IBM,110.941,10:46:01
IBM,110.945,10:46:04
IBM,111.06,10:46:05
IBM,110.94,10:46:13
IBM,110.974,10:46:14
IBM,110.94,10:46:18
IBM,110.89,10:46:20
IBM,110.975,10:46:24
IBM,110.97,10:46:29
IBM,110.91,10:46:30
IBM,110.95,10:46:34
IBM,110.96,10:46:36
IBM,110.925,10:46:42
IBM,110.96,10:46:45
IBM,110.95,10:46:47
IBM,110.98,10:46:48
IBM,110.93,10:46:52
IBM,110.9417,10:47:00
IBM,110.96,10:47:02
IBM,110.9475,10:47:09
IBM,110.95,10:47:10
IBM,110.98,10:47:12
IBM,111.04,10:47:13
IBM,111,10:47:14
IBM,110.94,10:47:18
IBM,110.925,10:47:20
IBM,110.97,10:47:23
IBM,110.925,10:47:24
IBM,111.01,10:47:26
IBM,111.03,10:47:27
IBM,111.04,10:47:29
IBM,111.03,10:47:35
IBM,111.06,10:47:36
IBM,110.92,10:47:49
IBM,111.02,10:47:49
IBM,110.93,10:47:52
IBM,110.96,10:47:55
IBM,110.94,10:48:00
IBM,110.9,10:48:02
IBM,110.85,10:48:03
IBM,110.83,10:48:07
IBM,110.85,10:48:23
IBM,110.83,10:48:26
IBM,110.76,10:48:28
IBM,110.795,10:48:29
IBM,110.82,10:48:32
IBM,110.8,10:48:33
IBM,110.764,10:48:36
IBM,110.8145,10:48:39
IBM,110.77,10:48:40
IBM,110.84,10:48:43
IBM,110.87,10:48:45
IBM,110.805,10:48:51
IBM,110.81,10:48:53
IBM,110.75,10:48:57
IBM,110.76,10:48:58
IBM,110.757,10:49:01
IBM,110.81,10:49:03
IBM,110.755,10:49:07
IBM,110.76,10:49:10
IBM,110.71,10:49:12
IBM,110.75,10:49:13
IBM,110.755,10:49:23
IBM,110.76,10:49:24
IBM,110.8,10:49:28
IBM,110.79,10:49:31
IBM,110.835,10:49:32
IBM,110.8236,10:49:37
IBM,110.73,10:49:38
IBM,110.76,10:49:39
IBM,110.8,10:49:43
IBM,110.855,10:49:50
IBM,110.85,10:49:54
IBM,110.855,10:49:57
IBM,110.9,10:50:00
IBM,110.87,10:50:02
IBM,110.92,10:50:02
IBM,110.9193,10:50:04
IBM,110.86,10:50:07
IBM,110.84,10:50:09
IBM,110.8429,10:50:10
IBM,110.825,10:50:18
IBM,110.765,10:50:24
IBM,110.81,10:50:31
IBM,110.7767,10:50:34
IBM,110.805,10:50:35
IBM,110.73,10:50:36
IBM,110.7908,10:50:45
IBM,110.7269,10:50:47
IBM,110.6778,10:50:51
IBM,110.6765,10:50:53
IBM,110.64,10:50:54
IBM,110.65,10:50:55
IBM,110.625,10:50:58
IBM,110.6,10:51:00
IBM,110.523,10:51:01
IBM,110.52,10:51:06
IBM,110.51,10:51:08
IBM,110.465,10:51:09
IBM,110.48,10:51:10
IBM,110.3651,10:51:13
IBM,110.375,10:51:16
IBM,110.45,10:51:21
IBM,110.445,10:51:23
IBM,110.4434,10:51:25
IBM,110.4,10:51:29
IBM,110.46,10:51:32
IBM,110.4594,10:51:33
IBM,110.46,10:51:34
IBM,110.43,10:51:38
IBM,110.345,10:51:39
IBM,110.3193,10:51:40
IBM,110.3533,10:51:43
IBM,110.34,10:51:44
IBM,110.22,10:52:00
IBM,110.235,10:52:01
IBM,110.2503,10:52:02
IBM,110.3,10:52:08
IBM,110.275,10:52:09
IBM,110.2406,10:52:17
IBM,110.24,10:52:22
IBM,110.31,10:52:23
IBM,110.3195,10:52:24
IBM,110.32,10:52:25
IBM,110.28,10:52:27
IBM,110.21,10:52:29
IBM,110.255,10:52:30
IBM,110.26,10:52:49
IBM,110.23,10:52:50
IBM,110.26,10:52:51
IBM,110.21,10:52:56
IBM,110.3,10:53:05
IBM,110.2525,10:53:22
IBM,110.29,10:53:23
IBM,110.295,10:53:24
IBM,110.32,10:53:25
IBM,110.3,10:53:26
IBM,110.35,10:53:29
IBM,110.41,10:53:33
IBM,110.44,10:53:34
IBM,110.41,10:53:37
IBM,110.4,10:53:39
IBM,110.41,10:53:49
IBM,110.33,10:53:51
IBM,110.31,10:53:55
IBM,110.4,10:54:00
IBM,110.401,10:54:02
IBM,110.395,10:54:03
IBM,110.455,10:54:04
IBM,110.41,10:54:07
IBM,110.47,10:54:09
IBM,110.4,10:54:12
IBM,110.31,10:54:23
IBM,110.4,10:54:23
IBM,110.3257,10:54:24
IBM,110.27,10:54:28
IBM,110.35,10:54:30
IBM,110.4,10:54:41
IBM,110.35,10:54:48
IBM,110.39,10:54:49
IBM,110.35,10:54:53
IBM,110.48,10:55:06
IBM,110.485,10:55:07
IBM,110.4,10:55:22
IBM,110.44,10:55:23
IBM,110.5037,10:55:25
IBM,110.46,10:55:26
IBM,110.5,10:55:29
IBM,110.515,10:55:32
IBM,110.465,10:55:41
IBM,110.48,10:55:50
IBM,110.55,10:55:53
IBM,110.5,10:55:56
IBM,110.52,10:55:59
IBM,110.53,10:56:11
IBM,110.5276,10:56:13
IBM,110.5,10:56:14
IBM,110.4,10:56:18
IBM,110.453,10:56:19
IBM,110.43,10:56:22
IBM,110.52,10:56:24
IBM,110.4,10:56:29
IBM,110.33,10:56:32
IBM,110.29,10:56:43
IBM,110.26,10:56:45
IBM,110.24,10:56:45
IBM,110.17,10:56:47
IBM,110.25,10:56:49
IBM,110.2259,10:56:52
IBM,110.25,10:56:53
IBM,110.22,10:56:54
IBM,110.19,10:57:03
IBM,110.27,10:57:04
IBM,110.2493,10:57:06
IBM,110.22,10:57:11
IBM,110.18,10:57:12
IBM,110.05,10:57:32
IBM,110.105,10:57:33
IBM,110.065,10:57:37
IBM,110.1128,10:57:40
IBM,110.12,10:57:44
IBM,110.075,10:57:51
IBM,110.035,10:57:55
IBM,110,10:58:00
IBM,109.91,10:58:01
IBM,110.0251,10:58:02
IBM,110,10:58:05
IBM,110.005,10:58:06
IBM,109.96,10:58:07
IBM,109.91,10:58:08
IBM,109.99,10:58:11
IBM,110.03,10:58:13
IBM,110.07,10:58:17
IBM,110.095,10:58:23
IBM,110.12,10:58:33
IBM,110.225,10:58:38
IBM,110.28,10:58:44
IBM,110.25,10:58:48
IBM,110.28,10:58:51
IBM,110.215,10:59:02
IBM,110.26,10:59:06
IBM,110.27,10:59:09
IBM,110.24,10:59:10
IBM,110.29,10:59:13
IBM,110.21,10:59:16
IBM,110.24,10:59:17
IBM,110.19,10:59:20
IBM,110.24,10:59:24
IBM,110.17,10:59:29
IBM,110.285,10:59:34
IBM,110.34,10:59:39
IBM,110.3053,10:59:42
IBM,110.37,10:59:46
IBM,110.3644,10:59:49
IBM,110.385,10:59:51
IBM,110.42,10:59:52
IBM,110.44,10:59:56
IBM,110.48,10:59:56
IBM,110.45,10:59:57
IBM,110.43,11:00:01
IBM,110.37,11:00:01
IBM,110.35,11:00:04
IBM,110.3,11:00:06
IBM,110.27,11:00:19
IBM,110.2385,11:00:20
IBM,110.24,11:00:24
IBM,110.28,11:00:27
IBM,110.26,11:00:36
IBM,110.22,11:00:40
IBM,110.24,11:00:41
IBM,110.31,11:00:49
IBM,110.34,11:00:51
IBM,110.38,11:00:52
IBM,110.36,11:00:58
IBM,110.345,11:00:59
IBM,110.327,11:01:01
IBM,110.3657,11:01:12
IBM,110.37,11:01:13
IBM,110.4,11:01:14
IBM,110.43,11:01:22
IBM,110.505,11:01:24
IBM,110.4819,11:01:33
IBM,110.48,11:01:34
IBM,110.5,11:01:38
IBM,110.515,11:01:39
IBM,110.49,11:01:53
IBM,110.4213,11:02:01
IBM,110.51,11:02:12
IBM,110.52,11:02:13
IBM,110.49,11:02:20
IBM,110.5,11:02:21
IBM,110.485,11:02:22
IBM,110.57,11:02:24
IBM,110.59,11:02:25
IBM,110.685,11:02:34
IBM,110.705,11:02:35
IBM,110.6622,11:02:37
IBM,110.77,11:02:38
IBM,110.75,11:02:42
IBM,110.7035,11:02:42
IBM,110.685,11:02:43
IBM,110.72,11:03:05
IBM,110.7,11:03:08
IBM,110.6701,11:03:10
IBM,110.7,11:03:18
IBM,110.82,11:03:21
IBM,110.85,11:03:22
IBM,110.88,11:03:25
IBM,110.78,11:03:26
IBM,110.77,11:03:27
IBM,110.8,11:03:31
IBM,110.75,11:03:38
IBM,110.74,11:03:41
IBM,110.78,11:03:43
IBM,110.75,11:03:44
IBM,110.74,11:03:46
IBM,110.78,11:03:49
IBM,110.79,11:03:50
IBM,110.8,11:03:51
IBM,110.88,11:03:56
IBM,110.87,11:03:58
IBM,110.91,11:04:00
IBM,110.95,11:04:08
IBM,110.96,11:04:10
IBM,111,11:04:12
IBM,111.001,11:04:16
IBM,111.01,11:04:17
IBM,110.9769,11:04:18
IBM,111.06,11:04:22
IBM,111.11,11:04:23
IBM,111.14,11:04:27
IBM,111.09,11:04:28
IBM,111.12,11:04:38
IBM,111.09,11:04:50
IBM,111.08,11:04:52
IBM,111.09,11:04:53
IBM,111.085,11:04:55
IBM,111.11,11:04:58
IBM,111.0927,11:05:08
IBM,111.075,11:05:09
IBM,111.085,11:05:10
IBM,111.1,11:05:11
IBM,111.08,11:05:13
IBM,111.06,11:05:15
IBM,111.07,11:05:15
IBM,111.075,11:05:16
IBM,111.08,11:05:17
IBM,111.06,11:05:18
IBM,111,11:05:20
IBM,110.99,11:05:21
IBM,110.92,11:05:30
IBM,110.88,11:05:33
IBM,110.87,11:05:34
IBM,110.9,11:05:38
IBM,111,11:05:39
IBM,110.96,11:05:55
IBM,111.03,11:05:57
IBM,111.1175,11:05:57
IBM,111.04,11:06:00
IBM,111.09,11:06:01
IBM,111.1,11:06:05
IBM,111.12,11:06:06
IBM,111.1407,11:06:07
IBM,111.17,11:06:12
IBM,111.174,11:06:14
IBM,111.15,11:06:23
IBM,111.25,11:06:25
IBM,111.255,11:06:25
IBM,111.3596,11:06:30
IBM,111.43,11:06:31
IBM,111.4275,11:06:34
IBM,111.41,11:06:37
IBM,111.45,11:06:38
IBM,111.61,11:06:40
IBM,111.57,11:06:41
IBM,111.52,11:06:42
IBM,111.49,11:06:45
IBM,111.45,11:06:47
IBM,111.49,11:06:51
IBM,111.58,11:06:55
IBM,111.65,11:06:56
IBM,111.67,11:06:57
IBM,111.68,11:06:58
IBM,111.7,11:07:00
IBM,111.735,11:07:01
IBM,111.68,11:07:06
IBM,111.7231,11:07:08
IBM,111.77,11:07:09
IBM,111.71,11:07:13
IBM,111.735,11:07:15
IBM,111.78,11:07:16
IBM,111.77,11:07:17
IBM,111.75,11:07:19
IBM,111.69,11:07:20
IBM,111.6,11:07:22
IBM,111.6761,11:07:24
IBM,111.69,11:07:25
IBM,111.697,11:07:28
IBM,111.68,11:07:36
IBM,111.682,11:07:37
IBM,111.68,11:07:38
IBM,111.72,11:07:39
IBM,111.7,11:07:41
IBM,111.6857,11:07:46
IBM,111.64,11:07:48
IBM,111.65,11:07:50
IBM,111.655,11:07:54
IBM,111.64,11:08:00
IBM,111.625,11:08:10
IBM,111.6211,11:08:12
IBM,111.581,11:08:19
IBM,111.67,11:08:20
IBM,111.68,11:08:23
IBM,111.58,11:08:35
IBM,111.565,11:08:37
IBM,111.52,11:08:39
IBM,111.501,11:08:39
IBM,111.51,11:08:40
IBM,111.55,11:08:43
IBM,111.6051,11:08:44
IBM,111.64,11:08:46
IBM,111.6499,11:08:47
IBM,111.66,11:08:48
IBM,111.7,11:08:49
IBM,111.69,11:08:51
IBM,111.7,11:08:56
IBM,111.725,11:09:01
IBM,111.71,11:09:03
IBM,111.7156,11:09:06
IBM,111.7166,11:09:07
IBM,111.685,11:09:09
IBM,111.65,11:09:10
IBM,111.68,11:09:15
IBM,111.61,11:09:23
IBM,111.67,11:09:24
IBM,111.665,11:09:27
IBM,111.61,11:09:28
IBM,111.665,11:09:30
IBM,111.67,11:09:32
IBM,111.63,11:09:34
IBM,111.68,11:09:36
IBM,111.6981,11:09:42
IBM,111.705,11:09:43
IBM,111.685,11:09:53
IBM,111.7,11:09:54
IBM,111.74,11:10:01
IBM,111.78,11:10:04
IBM,111.8612,11:10:06
IBM,111.83,11:10:07
IBM,111.78,11:10:08
IBM,111.79,11:10:10
IBM,111.72,11:10:12
IBM,111.61,11:10:18
IBM,111.64,11:10:24
IBM,111.71,11:10:27
IBM,111.68,11:10:28
IBM,111.66,11:10:40
IBM,111.6435,11:10:44
IBM,111.68,11:10:48
IBM,111.65,11:10:49
IBM,111.64,11:10:50
IBM,111.6,11:11:00
IBM,111.6199,11:11:09
IBM,111.68,11:11:12
IBM,111.59,11:11:21
IBM,111.755,11:11:23
IBM,111.7338,11:11:35
IBM,111.73,11:11:36
IBM,111.69,11:11:43
IBM,111.74,11:11:47
IBM,111.735,11:11:50
IBM,111.66,11:11:53
IBM,111.5768,11:12:01
IBM,111.58,11:12:02
IBM,111.59,11:12:04
IBM,111.66,11:12:08
IBM,111.62,11:12:09
IBM,111.61,11:12:13
IBM,111.64,11:12:16
IBM,111.6665,11:12:23
IBM,111.69,11:12:24
IBM,111.63,11:12:28
IBM,111.67,11:12:33
IBM,111.68,11:12:42
IBM,111.75,11:12:43
IBM,111.8402,11:13:10
IBM,111.86,11:13:11
IBM,111.8012,11:13:15
IBM,111.86,11:13:18
IBM,111.85,11:13:22
IBM,111.9,11:13:24
IBM,111.89,11:13:26
IBM,111.93,11:13:29
IBM,111.87,11:13:31
IBM,111.89,11:13:36
IBM,111.85,11:13:41
IBM,111.96,11:13:44
IBM,111.95,11:13:45
IBM,111.96,11:13:46
IBM,112,11:13:47
IBM,112.02,11:13:49
IBM,112.015,11:14:02
IBM,111.95,11:14:03
IBM,112.07,11:14:06
IBM,112.125,11:14:07
IBM,112.11,11:14:08
IBM,112.1022,11:14:13
IBM,111.97,11:14:18
IBM,111.99,11:14:19
IBM,111.96,11:14:20
IBM,111.98,11:14:21
IBM,111.99,11:14:24
IBM,112.01,11:14:27
IBM,112.06,11:14:33
IBM,112.04,11:14:34
IBM,112,11:14:39
IBM,111.97,11:14:45
IBM,111.992,11:14:54
IBM,112,11:14:57
IBM,112.1,11:15:01
IBM,112.13,11:15:02
IBM,112.14,11:15:04
IBM,112.1,11:15:04
IBM,112.11,11:15:05
IBM,112.09,11:15:07
IBM,112.17,11:15:10
IBM,112.18,11:15:11
IBM,112.15,11:15:12
IBM,112.0601,11:15:15
IBM,112.03,11:15:22
IBM,112.05,11:15:27
IBM,112.04,11:15:28
IBM,111.9611,11:15:36
IBM,111.96,11:15:49
IBM,111.9899,11:15:50
IBM,112.01,11:15:55
IBM,112.02,11:15:56
IBM,112.12,11:16:01
IBM,112.0887,11:16:02
IBM,112.07,11:16:07
IBM,112.13,11:16:11
IBM,112.1052,11:16:22
IBM,112.16,11:16:23
IBM,112.13,11:16:24
IBM,112.17,11:16:26
IBM,112.18,11:16:27
IBM,112.23,11:16:29
IBM,112.1455,11:16:32
IBM,112.12,11:16:33
IBM,112.09,11:16:35
IBM,112.106,11:16:36
IBM,112.09,11:16:37
IBM,112.04,11:16:38
IBM,112.085,11:16:42
IBM,112.12,11:16:50
IBM,112.145,11:16:51
IBM,112.07,11:17:09
IBM,112.09,11:17:11
IBM,112.0927,11:17:12
IBM,112.05,11:17:14
IBM,112,11:17:16
IBM,111.99,11:17:17
IBM,112.02,11:17:23
IBM,112.0449,11:17:24
IBM,112.01,11:17:30
IBM,112.02,11:17:35
IBM,112.06,11:17:37
IBM,112.08,11:17:38
IBM,112.085,11:17:45
IBM,112.12,11:17:51
IBM,112.165,11:17:59
IBM,112.18,11:18:00
IBM,112.1574,11:18:06
IBM,112.19,11:18:10
IBM,112.2,11:18:15
IBM,112.1103,11:18:19
IBM,112.16,11:18:21
IBM,112.175,11:18:23
IBM,112.29,11:18:24
IBM,112.3,11:18:25
IBM,112.285,11:18:26
IBM,112.2817,11:18:27
IBM,112.322,11:18:35
IBM,112.285,11:18:37
IBM,112.2762,11:18:42
IBM,112.31,11:18:44
IBM,112.3499,11:18:51
IBM,112.31,11:18:56
IBM,112.33,11:18:58
IBM,112.2945,11:19:07
IBM,112.36,11:19:17
IBM,112.4199,11:19:18
IBM,112.45,11:19:24
IBM,112.44,11:19:25
IBM,112.43,11:19:29
IBM,112.385,11:19:31
IBM,112.395,11:19:33
IBM,112.37,11:19:37
IBM,112.43,11:19:38
IBM,112.3508,11:19:39
IBM,112.395,11:19:44
IBM,112.44,11:19:54
IBM,112.45,11:20:02
IBM,112.4297,11:20:05
IBM,112.42,11:20:07
IBM,112.43,11:20:12
IBM,112.42,11:20:14
IBM,112.45,11:20:15
IBM,112.4356,11:20:22
IBM,112.45,11:20:23
IBM,112.41,11:20:30
IBM,112.425,11:20:33
IBM,112.45,11:20:35
IBM,112.4,11:20:36
IBM,112.45,11:20:37
IBM,112.39,11:20:39
IBM,112.34,11:20:43
IBM,112.32,11:20:45
IBM,112.39,11:20:47
IBM,112.385,11:20:50
IBM,112.35,11:20:53
IBM,112.36,11:20:56
IBM,112.285,11:21:03
IBM,112.2,11:21:04
IBM,112.18,11:21:09
IBM,112.14,11:21:14
IBM,112.17,11:21:19
IBM,112.15,11:21:25
IBM,112.12,11:21:29
IBM,112.095,11:21:35
IBM,112.14,11:21:36
IBM,112.2203,11:21:37
IBM,112.2212,11:21:47
IBM,112.17,11:21:49
IBM,112.2135,11:21:53
IBM,112.205,11:21:57
IBM,112.154,11:21:58
IBM,112.225,11:22:02
IBM,112.23,11:22:03
IBM,112.25,11:22:05
IBM,112.26,11:22:06
IBM,112.17,11:22:14
IBM,112.14,11:22:17
IBM,112.155,11:22:21
IBM,112.18,11:22:24
IBM,112.09,11:22:31
IBM,112.18,11:22:34
IBM,112.1,11:22:40
IBM,112.17,11:22:43
IBM,112.105,11:22:50
IBM,112.06,11:22:51
IBM,112.05,11:22:53
IBM,112.04,11:22:57
IBM,112.015,11:22:58
IBM,111.95,11:22:59
IBM,112.01,11:23:00
IBM,111.965,11:23:06
IBM,111.945,11:23:15
IBM,111.95,11:23:17
IBM,111.89,11:23:19
IBM,111.93,11:23:20
IBM,111.95,11:23:22
IBM,112,11:23:24
IBM,112.02,11:23:25
IBM,111.97,11:23:26
IBM,111.9409,11:23:38
IBM,111.83,11:23:40
IBM,111.79,11:23:41
IBM,111.78,11:23:46
IBM,111.76,11:23:47
IBM,111.66,11:23:50
IBM,111.63,11:23:53
IBM,111.64,11:24:03
IBM,111.68,11:24:07
IBM,111.74,11:24:08
IBM,111.75,11:24:09
IBM,111.72,11:24:10
IBM,111.7,11:24:14
IBM,111.66,11:24:20
IBM,111.69,11:24:25
IBM,111.665,11:24:36
IBM,111.69,11:24:37
IBM,111.66,11:24:40
IBM,111.69,11:24:42
IBM,111.73,11:24:45
IBM,111.72,11:24:49
IBM,111.81,11:24:50
IBM,111.801,11:24:56
IBM,111.7303,11:24:59
IBM,111.7399,11:25:04
IBM,111.66,11:25:08
IBM,111.64,11:25:09
IBM,111.6,11:25:16
IBM,111.51,11:25:23
IBM,111.55,11:25:24
IBM,111.61,11:25:28
IBM,111.65,11:25:30
IBM,111.675,11:25:31
IBM,111.67,11:25:32
IBM,111.72,11:25:33
IBM,111.66,11:25:41
IBM,111.67,11:25:47
IBM,111.59,11:25:49
IBM,111.54,11:25:57
IBM,111.535,11:26:13
IBM,111.53,11:26:21
IBM,111.52,11:26:22
IBM,111.505,11:26:23
IBM,111.5,11:26:24
IBM,111.48,11:26:25
IBM,111.53,11:26:33
IBM,111.44,11:26:41
IBM,111.53,11:26:49
IBM,111.49,11:26:50
IBM,111.46,11:26:55
IBM,111.58,11:27:12
IBM,111.61,11:27:14
IBM,111.6282,11:27:15
IBM,111.655,11:27:16
IBM,111.635,11:27:17
IBM,111.68,11:27:20
IBM,111.65,11:27:22
IBM,111.685,11:27:25
IBM,111.73,11:27:27
IBM,111.8399,11:27:35
IBM,111.74,11:27:36
IBM,111.84,11:27:45
IBM,111.82,11:27:46
IBM,111.79,11:27:47
IBM,111.7901,11:27:48
IBM,111.82,11:27:52
IBM,111.81,11:27:53
IBM,111.775,11:27:55
IBM,111.785,11:28:06
IBM,111.75,11:28:07
IBM,111.7867,11:28:09
IBM,111.82,11:28:12
IBM,111.882,11:28:18
IBM,111.87,11:28:21
IBM,111.89,11:28:23
IBM,111.9313,11:28:34
IBM,111.93,11:28:36
IBM,111.9134,11:28:39
IBM,111.96,11:28:40
IBM,111.89,11:28:47
IBM,111.9147,11:28:48
IBM,111.9,11:28:54
IBM,111.89,11:28:55
IBM,111.88,11:28:56
IBM,111.915,11:28:59
IBM,111.93,11:29:00
IBM,111.95,11:29:04
IBM,111.92,11:29:05
IBM,111.954,11:29:06
IBM,111.93,11:29:07
IBM,111.88,11:29:13
IBM,111.885,11:29:14
IBM,111.91,11:29:18
IBM,111.93,11:29:23
IBM,111.86,11:29:24
IBM,111.88,11:29:27
IBM,111.87,11:29:30
IBM,111.88,11:29:36
IBM,111.94,11:29:42
IBM,111.97,11:29:48
IBM,111.93,11:29:50
IBM,111.95,11:29:56
IBM,112,11:30:00
IBM,112.04,11:30:06
IBM,111.98,11:30:10
IBM,111.94,11:30:12
IBM,111.97,11:30:20
IBM,112,11:30:23
IBM,111.97,11:30:26
IBM,111.94,11:30:28
IBM,111.95,11:30:31
IBM,112.01,11:30:35
IBM,111.98,11:30:42
IBM,112.0034,11:30:44
IBM,112.06,11:30:50
IBM,112.17,11:30:51
IBM,112.19,11:30:53
IBM,112.18,11:30:54
IBM,112.15,11:30:57
IBM,112.09,11:31:11
IBM,112.06,11:31:12
IBM,112.01,11:31:15
IBM,112.07,11:31:19
IBM,112.09,11:31:23
IBM,112.21,11:31:24
IBM,112.26,11:31:26
IBM,112.2595,11:31:27
IBM,112.23,11:31:32
IBM,112.187,11:31:40
IBM,112.165,11:31:42
IBM,112.1777,11:31:43
IBM,112.1999,11:31:47
IBM,112.12,11:31:49
IBM,112.15,11:31:52
IBM,112.1,11:31:56
IBM,112.12,11:32:00
IBM,112.1,11:32:01
IBM,112.095,11:32:05
IBM,112.085,11:32:08
IBM,112.07,11:32:10
IBM,112.1,11:32:12
IBM,112.08,11:32:15
IBM,112.03,11:32:18
IBM,112.08,11:32:20
IBM,112.02,11:32:22
IBM,112.05,11:32:24
IBM,112.0832,11:32:29
IBM,112.12,11:32:30
IBM,112.15,11:32:31
IBM,112.23,11:32:34
IBM,112.19,11:32:46
IBM,112.12,11:32:48
IBM,112.08,11:32:54
IBM,112.0709,11:32:56
IBM,112.07,11:32:57
IBM,112.0391,11:32:59
IBM,112.015,11:33:00
IBM,112.09,11:33:02
IBM,112.095,11:33:07
IBM,112.08,11:33:08
IBM,112.085,11:33:10
IBM,112.14,11:33:12
IBM,112.104,11:33:16
IBM,112.12,11:33:18
IBM,112.0831,11:33:20
IBM,112.12,11:33:24
IBM,112.17,11:33:25
IBM,112.14,11:33:26
IBM,112.18,11:33:28
IBM,112.17,11:33:38
IBM,112.29,11:33:47
IBM,112.26,11:33:51
IBM,112.21,11:33:51
IBM,112.2,11:33:58
IBM,112.21,11:34:04
IBM,112.185,11:34:11
IBM,112.24,11:34:13
IBM,112.275,11:34:23
IBM,112.28,11:34:25
IBM,112.39,11:34:32
IBM,112.34,11:34:38
IBM,112.3101,11:34:44
IBM,112.35,11:34:45
IBM,112.41,11:34:58
IBM,112.36,11:35:01
IBM,112.39,11:35:02
IBM,112.3991,11:35:03
IBM,112.38,11:35:04
IBM,112.34,11:35:05
IBM,112.365,11:35:07
IBM,112.34,11:35:11
IBM,112.38,11:35:14
IBM,112.3,11:35:18
IBM,112.23,11:35:22
IBM,112.21,11:35:23
IBM,112.22,11:35:24
IBM,112.27,11:35:25
IBM,112.25,11:35:28
IBM,112.24,11:35:32
IBM,112.1969,11:35:33
IBM,112.28,11:35:38
IBM,112.24,11:35:39
IBM,112.27,11:35:45
IBM,112.25,11:35:48
IBM,112.28,11:35:51
IBM,112.29,11:35:57
IBM,112.23,11:35:58
IBM,112.26,11:35:59
IBM,112.23,11:36:01
IBM,112.2,11:36:02
IBM,112.15,11:36:08
IBM,112.13,11:36:14
IBM,112.14,11:36:15
IBM,112.185,11:36:16
IBM,112.2008,11:36:20
IBM,112.22,11:36:24
IBM,112.23,11:36:25
IBM,112.2,11:36:26
IBM,112.04,11:36:35
IBM,112.03,11:36:37
IBM,111.95,11:36:40
IBM,111.99,11:36:44
IBM,111.93,11:36:46
IBM,111.9983,11:36:47
IBM,112.01,11:36:50
IBM,112,11:36:51
IBM,111.96,11:36:57
IBM,111.9218,11:37:01
IBM,111.95,11:37:06
IBM,111.97,11:37:09
IBM,112.003,11:37:09
IBM,112.015,11:37:19
IBM,111.99,11:37:21
IBM,111.9699,11:37:23
IBM,111.95,11:37:26
IBM,111.9299,11:37:30
IBM,111.905,11:37:31
IBM,111.86,11:37:32
IBM,111.9,11:37:44
IBM,111.92,11:37:45
IBM,111.91,11:37:46
IBM,111.87,11:37:47
IBM,111.95,11:37:53
IBM,111.9461,11:38:00
IBM,111.9384,11:38:01
IBM,111.91,11:38:02
IBM,111.9118,11:38:03
IBM,111.905,11:38:04
IBM,111.94,11:38:06
IBM,111.97,11:38:07
IBM,111.9627,11:38:11
IBM,111.89,11:38:17
IBM,111.895,11:38:18
IBM,111.92,11:38:20
IBM,112.01,11:38:23
IBM,111.995,11:38:24
IBM,112.04,11:38:33
IBM,112.05,11:38:34
IBM,112.02,11:38:40
IBM,111.9682,11:38:41
IBM,111.99,11:38:47
IBM,112.005,11:38:49
IBM,111.9925,11:38:50
IBM,112.03,11:39:02
IBM,112.07,11:39:03
IBM,112.09,11:39:06
IBM,112.08,11:39:11
IBM,112.02,11:39:11
IBM,112.01,11:39:15
IBM,111.9767,11:39:20
IBM,111.99,11:39:25
IBM,111.955,11:39:25
IBM,111.93,11:39:26
IBM,111.935,11:39:27
IBM,111.98,11:39:29
IBM,112.0511,11:39:42
IBM,112.045,11:39:43
IBM,112,11:39:55
IBM,112.09,11:40:04
IBM,112.14,11:40:13
IBM,112.1488,11:40:14
IBM,112.12,11:40:17
IBM,112.17,11:40:24
IBM,112.2,11:40:25
IBM,112.19,11:40:28
IBM,112.17,11:40:30
IBM,112.29,11:40:38
IBM,112.3569,11:40:47
IBM,112.34,11:40:49
IBM,112.4012,11:40:50
IBM,112.33,11:40:54
IBM,112.34,11:40:55
IBM,112.416,11:41:02
IBM,112.4216,11:41:03
IBM,112.427,11:41:04
IBM,112.425,11:41:05
IBM,112.43,11:41:07
IBM,112.45,11:41:08
IBM,112.4261,11:41:10
IBM,112.424,11:41:11
IBM,112.38,11:41:12
IBM,112.4,11:41:13
IBM,112.4029,11:41:18
IBM,112.39,11:41:19
IBM,112.38,11:41:21
IBM,112.4,11:41:23
IBM,112.46,11:41:25
IBM,112.38,11:41:30
IBM,112.3443,11:41:33
IBM,112.42,11:41:36
IBM,112.3599,11:41:45
IBM,112.4026,11:41:46
IBM,112.43,11:41:48
IBM,112.375,11:41:57
IBM,112.35,11:41:59
IBM,112.27,11:42:06
IBM,112.24,11:42:08
IBM,112.3,11:42:09
IBM,112.285,11:42:12
IBM,112.2156,11:42:15
IBM,112.25,11:42:21
IBM,112.28,11:42:24
IBM,112.29,11:42:25
IBM,112.2511,11:42:27
IBM,112.2573,11:42:32
IBM,112.22,11:42:41
IBM,112.235,11:42:52
IBM,112.2168,11:42:53
IBM,112.27,11:42:57
IBM,112.3,11:43:02
IBM,112.33,11:43:15
IBM,112.35,11:43:16
IBM,112.365,11:43:23
IBM,112.34,11:43:24
IBM,112.3011,11:43:31
IBM,112.39,11:43:32
IBM,112.4,11:43:41
IBM,112.48,11:43:42
IBM,112.4918,11:43:44
IBM,112.45,11:43:47
IBM,112.345,11:44:03
IBM,112.2687,11:44:12
IBM,112.3099,11:44:13
IBM,112.35,11:44:14
IBM,112.345,11:44:21
IBM,112.43,11:44:24
IBM,112.48,11:44:25
IBM,112.445,11:44:30
IBM,112.46,11:44:40
IBM,112.41,11:44:41
IBM,112.4325,11:44:42
IBM,112.505,11:44:46
IBM,112.495,11:44:47
IBM,112.4681,11:44:48
IBM,112.45,11:44:50
IBM,112.49,11:44:51
IBM,112.47,11:45:01
IBM,112.415,11:45:03
IBM,112.43,11:45:09
IBM,112.385,11:45:17
IBM,112.365,11:45:21
IBM,112.318,11:45:23
IBM,112.325,11:45:24
IBM,112.35,11:45:25
IBM,112.25,11:45:27
IBM,112.295,11:45:29
IBM,112.25,11:45:39
IBM,112.22,11:45:41
IBM,112.18,11:45:42
IBM,112.22,11:45:43
IBM,112.245,11:45:46
IBM,112.2375,11:45:47
IBM,112.24,11:45:55
IBM,112.2716,11:45:57
IBM,112.33,11:45:58
IBM,112.2769,11:46:08
IBM,112.32,11:46:09
IBM,112.29,11:46:13
IBM,112.32,11:46:14
IBM,112.33,11:46:16
IBM,112.355,11:46:18
IBM,112.33,11:46:20
IBM,112.36,11:46:21
IBM,112.39,11:46:23
IBM,112.43,11:46:24
IBM,112.45,11:46:25
IBM,112.4531,11:46:28
IBM,112.35,11:46:39
IBM,112.38,11:46:43
IBM,112.39,11:46:44
IBM,112.37,11:46:52
IBM,112.4,11:46:53
IBM,112.415,11:47:00
IBM,112.44,11:47:02
IBM,112.485,11:47:05
IBM,112.5,11:47:06
IBM,112.46,11:47:08
IBM,112.43,11:47:12
IBM,112.41,11:47:13
IBM,112.39,11:47:20
IBM,112.405,11:47:24
IBM,112.42,11:47:25
IBM,112.4,11:47:26
IBM,112.385,11:47:27
IBM,112.34,11:47:30
IBM,112.22,11:47:42
IBM,112.18,11:47:45
IBM,112.27,11:47:54
IBM,112.21,11:48:01
IBM,112.19,11:48:09
IBM,112.187,11:48:11
IBM,112.18,11:48:13
IBM,112.22,11:48:19
IBM,112.235,11:48:20
IBM,112.265,11:48:20
IBM,112.28,11:48:22
IBM,112.31,11:48:25
IBM,112.34,11:48:48
IBM,112.28,11:48:51
IBM,112.26,11:49:04
IBM,112.25,11:49:11
IBM,112.2158,11:49:12
IBM,112.25,11:49:13
IBM,112.29,11:49:15
IBM,112.2787,11:49:18
IBM,112.27,11:49:23
IBM,112.28,11:49:24
IBM,112.2504,11:49:31
IBM,112.18,11:49:43
IBM,112.14,11:49:46
IBM,112.1,11:49:50
IBM,112.085,11:49:51
IBM,112.004,11:49:52
IBM,111.99,11:49:58
IBM,111.995,11:50:05
IBM,112.025,11:50:06
IBM,112.01,11:50:07
IBM,112,11:50:10
IBM,111.99,11:50:12
IBM,111.9993,11:50:18
IBM,112.04,11:50:24
IBM,112,11:50:27
IBM,111.995,11:50:28
IBM,111.97,11:50:32
IBM,111.965,11:50:35
IBM,111.975,11:50:50
IBM,112.01,11:50:51
IBM,111.94,11:50:55
IBM,111.96,11:50:56
IBM,111.97,11:50:58
IBM,111.94,11:50:59
IBM,111.85,11:51:04
IBM,111.83,11:51:14
IBM,111.81,11:51:15
IBM,111.765,11:51:18
IBM,111.72,11:51:20
IBM,111.75,11:51:24
IBM,111.72,11:51:25
IBM,111.75,11:51:26
IBM,111.74,11:51:27
IBM,111.681,11:51:30
IBM,111.61,11:51:41
IBM,111.72,11:51:44
IBM,111.75,11:51:46
IBM,111.79,11:51:48
IBM,111.815,11:51:50
IBM,111.86,11:51:54
IBM,111.84,11:51:56
IBM,111.835,11:51:58
IBM,111.77,11:52:00
IBM,111.8,11:52:16
IBM,111.82,11:52:21
IBM,111.87,11:52:25
IBM,111.79,11:52:27
IBM,111.827,11:52:28
IBM,111.81,11:52:30
IBM,111.67,11:52:43
IBM,111.74,11:52:53
IBM,111.77,11:52:56
IBM,111.78,11:52:57
IBM,111.81,11:53:04
IBM,111.83,11:53:11
IBM,111.82,11:53:12
IBM,111.835,11:53:13
IBM,111.82,11:53:16
IBM,111.81,11:53:19
IBM,111.8,11:53:20
IBM,111.87,11:53:24
IBM,111.8752,11:53:34
IBM,111.8744,11:53:37
IBM,111.8645,11:53:38
IBM,111.84,11:53:43
IBM,111.8136,11:53:49
IBM,111.765,11:53:50
IBM,111.77,11:53:53
IBM,111.83,11:53:55
IBM,111.85,11:53:58
IBM,111.81,11:53:59
IBM,111.731,11:54:08
IBM,111.7844,11:54:14
IBM,111.7093,11:54:22
IBM,111.675,11:54:23
IBM,111.69,11:54:25
IBM,111.62,11:54:30
IBM,111.665,11:54:32
IBM,111.74,11:54:34
IBM,111.711,11:54:36
IBM,111.7,11:54:54
IBM,111.74,11:54:56
IBM,111.7,11:55:03
IBM,111.775,11:55:24
IBM,111.75,11:55:26
IBM,111.76,11:55:31
IBM,111.7873,11:55:33
IBM,111.73,11:55:45
IBM,111.7549,11:55:48
IBM,111.73,11:55:51
IBM,111.75,11:55:53
IBM,111.77,11:55:54
IBM,111.81,11:55:56
IBM,111.75,11:56:02
IBM,111.78,11:56:07
IBM,111.76,11:56:08
IBM,111.7,11:56:09
IBM,111.71,11:56:11
IBM,111.705,11:56:16
IBM,111.71,11:56:18
IBM,111.73,11:56:20
IBM,111.7562,11:56:22
IBM,111.66,11:56:25
IBM,111.665,11:56:41
IBM,111.6131,11:56:54
IBM,111.6,11:56:55
IBM,111.56,11:56:56
IBM,111.54,11:56:59
IBM,111.57,11:57:06
IBM,111.59,11:57:07
IBM,111.57,11:57:10
IBM,111.624,11:57:11
IBM,111.59,11:57:16
IBM,111.65,11:57:20
IBM,111.64,11:57:21
IBM,111.59,11:57:25
IBM,111.585,11:57:29
IBM,111.66,11:57:31
IBM,111.57,11:57:42
IBM,111.6699,11:57:45
IBM,111.63,11:57:50
IBM,111.69,11:57:56
IBM,111.7,11:57:58
IBM,111.6,11:58:10
IBM,111.6001,11:58:12
IBM,111.635,11:58:17
IBM,111.68,11:58:20
IBM,111.655,11:58:21
IBM,111.7,11:58:25
IBM,111.64,11:58:31
IBM,111.7,11:58:36
IBM,111.6841,11:58:38
IBM,111.695,11:58:50
IBM,111.74,11:58:54
IBM,111.765,11:58:55
IBM,111.72,11:58:59
IBM,111.67,11:59:00
IBM,111.6937,11:59:06
IBM,111.7,11:59:13
IBM,111.66,11:59:15
IBM,111.625,11:59:16
IBM,111.665,11:59:24
IBM,111.62,11:59:26
IBM,111.71,11:59:30
IBM,111.77,11:59:31
IBM,111.7999,11:59:41
IBM,111.72,11:59:45
IBM,111.68,11:59:46
IBM,111.6801,11:59:51
IBM,111.6126,12:00:02
IBM,111.625,12:00:03
IBM,111.6,12:00:11
IBM,111.58,12:00:12
IBM,111.61,12:00:19
IBM,111.63,12:00:21
IBM,111.6445,12:00:25
IBM,111.63,12:00:27
IBM,111.6205,12:00:29
IBM,111.58,12:00:32
IBM,111.59,12:00:33
IBM,111.54,12:00:36
IBM,111.48,12:00:38
IBM,111.4346,12:00:41
IBM,111.4,12:00:46
IBM,111.41,12:00:48
IBM,111.37,12:00:56
IBM,111.36,12:00:58
IBM,111.31,12:01:03
IBM,111.23,12:01:04
IBM,111.24,12:01:06
IBM,111.255,12:01:09
IBM,111.36,12:01:15
IBM,111.32,12:01:24
IBM,111.305,12:01:27
IBM,111.345,12:01:34
IBM,111.24,12:01:42
IBM,111.223,12:01:52
IBM,111.26,12:01:55
IBM,111.28,12:02:00
IBM,111.27,12:02:01
IBM,111.28,12:02:04
IBM,111.31,12:02:08
IBM,111.27,12:02:11
IBM,111.315,12:02:14
IBM,111.33,12:02:15
IBM,111.3,12:02:18
IBM,111.315,12:02:24
IBM,111.3431,12:02:26
IBM,111.37,12:02:28
IBM,111.35,12:02:31
IBM,111.28,12:02:35
IBM,111.32,12:02:39
IBM,111.295,12:02:43
IBM,111.355,12:02:46
IBM,111.31,12:02:47
IBM,111.275,12:02:48
IBM,111.22,12:03:04
IBM,111.125,12:03:09
IBM,111.12,12:03:14
IBM,111.09,12:03:14
IBM,111.1,12:03:15
IBM,111.15,12:03:16
IBM,111.21,12:03:25
IBM,111.17,12:03:26
IBM,111.16,12:03:27
IBM,111.165,12:03:31
IBM,111.13,12:03:33
IBM,111.11,12:03:35
IBM,111.1053,12:03:43
IBM,111.0801,12:03:44
IBM,111.09,12:03:54
IBM,111.07,12:03:55
IBM,111.05,12:03:56
IBM,111.06,12:03:57
IBM,111.09,12:04:02
IBM,111.065,12:04:05
IBM,111.08,12:04:07
IBM,111.14,12:04:07
IBM,111.16,12:04:12
IBM,111.12,12:04:14
IBM,111.14,12:04:16
IBM,111.12,12:04:22
IBM,111.2,12:04:25
IBM,111.27,12:04:26
IBM,111.3,12:04:27
IBM,111.33,12:04:28
IBM,111.24,12:04:33
IBM,111.26,12:04:36
IBM,111.37,12:04:39
IBM,111.38,12:04:40
IBM,111.44,12:04:41
IBM,111.48,12:04:42
IBM,111.43,12:04:44
IBM,111.35,12:04:53
IBM,111.34,12:04:57
IBM,111.31,12:05:01
IBM,111.35,12:05:04
IBM,111.29,12:05:05
IBM,111.31,12:05:06
IBM,111.3,12:05:07
IBM,111.37,12:05:09
IBM,111.41,12:05:12
IBM,111.45,12:05:15
IBM,111.385,12:05:16
IBM,111.41,12:05:22
IBM,111.4438,12:05:23
IBM,111.47,12:05:25
IBM,111.51,12:05:26
IBM,111.4791,12:05:27
IBM,111.48,12:05:28
IBM,111.45,12:05:35
IBM,111.4424,12:05:41
IBM,111.4699,12:05:42
IBM,111.45,12:05:43
IBM,111.41,12:05:44
IBM,111.38,12:05:45
IBM,111.35,12:05:46
IBM,111.33,12:05:47
IBM,111.34,12:05:54
IBM,111.2691,12:06:02
IBM,111.19,12:06:17
IBM,111.2499,12:06:19
IBM,111.18,12:06:25
IBM,111.155,12:06:28
IBM,111.14,12:06:29
IBM,111.2,12:06:30
IBM,111.175,12:06:32
IBM,111.185,12:06:33
IBM,111.16,12:06:34
IBM,111.1,12:06:39
IBM,111.07,12:06:41
IBM,111.09,12:06:48
IBM,111.075,12:06:51
IBM,111.02,12:06:53
IBM,111.07,12:06:54
IBM,111.06,12:06:56
IBM,111.04,12:06:59
IBM,111.14,12:07:11
IBM,111.18,12:07:13
IBM,111.21,12:07:14
IBM,111.17,12:07:15
IBM,111.18,12:07:16
IBM,111.13,12:07:17
IBM,111.17,12:07:28
IBM,111.1407,12:07:35
IBM,111.155,12:07:38
IBM,111.18,12:07:39
IBM,111.16,12:07:40
IBM,111.185,12:07:41
IBM,111.15,12:07:42
IBM,111.1397,12:07:44
IBM,111.17,12:07:47
IBM,111.09,12:07:54
IBM,111.01,12:07:57
IBM,110.94,12:07:58
IBM,110.91,12:08:10
IBM,110.83,12:08:12
IBM,110.75,12:08:14
IBM,110.85,12:08:15
IBM,110.96,12:08:20
IBM,110.95,12:08:22
IBM,110.93,12:08:23
IBM,110.91,12:08:26
IBM,110.95,12:08:39
IBM,110.99,12:08:50
IBM,110.98,12:09:01
IBM,111.015,12:09:04
IBM,111.03,12:09:05
IBM,111.07,12:09:06
IBM,111.04,12:09:07
IBM,111.03,12:09:08
IBM,111.04,12:09:11
IBM,111.02,12:09:21
IBM,111.03,12:09:22
IBM,111.06,12:09:26
IBM,111.11,12:09:28
IBM,111.0801,12:09:29
IBM,111.08,12:09:32
IBM,111.0468,12:09:38
IBM,111.09,12:09:39
IBM,111.13,12:09:40
IBM,111.035,12:09:49
IBM,111.05,12:09:57
IBM,111.06,12:09:58
IBM,111.09,12:10:17
IBM,111.07,12:10:21
IBM,111.01,12:10:23
IBM,111.03,12:10:25
IBM,111.07,12:10:25
IBM,111.11,12:10:27
IBM,111.155,12:10:28
IBM,111.15,12:10:29
IBM,111.09,12:10:31
IBM,111.1,12:10:32
IBM,111.08,12:10:39
IBM,111.09,12:10:43
IBM,111.1425,12:10:47
IBM,111.21,12:10:49
IBM,111.22,12:10:50
IBM,111.24,12:11:03
IBM,111.22,12:11:04
IBM,111.28,12:11:05
IBM,111.268,12:11:06
IBM,111.3,12:11:08
IBM,111.325,12:11:11
IBM,111.37,12:11:12
IBM,111.375,12:11:14
IBM,111.3595,12:11:17
IBM,111.3673,12:11:19
IBM,111.3674,12:11:22
IBM,111.35,12:11:26
IBM,111.43,12:11:26
IBM,111.41,12:11:28
IBM,111.455,12:11:29
IBM,111.45,12:11:31
IBM,111.43,12:11:32
IBM,111.41,12:11:35
IBM,111.475,12:11:49
IBM,111.45,12:11:51
IBM,111.41,12:11:54
IBM,111.36,12:11:56
IBM,111.35,12:11:58
IBM,111.3545,12:12:01
IBM,111.32,12:12:02
IBM,111.27,12:12:06
IBM,111.295,12:12:08
IBM,111.26,12:12:23
IBM,111.3,12:12:25
IBM,111.26,12:12:34
IBM,111.31,12:12:38
IBM,111.29,12:12:39
IBM,111.27,12:12:41
IBM,111.255,12:12:45
IBM,111.22,12:12:47
IBM,111.18,12:12:51
IBM,111.1638,12:12:53
IBM,111.2,12:12:54
IBM,111.17,12:12:59
IBM,111.22,12:13:03
IBM,111.23,12:13:04
IBM,111.24,12:13:05
IBM,111.3007,12:13:07
IBM,111.29,12:13:08
IBM,111.3599,12:13:09
IBM,111.285,12:13:12
IBM,111.25,12:13:16
IBM,111.28,12:13:19
IBM,111.23,12:13:23
IBM,111.17,12:13:33
IBM,111.18,12:13:39
IBM,111.19,12:13:41
IBM,111.15,12:13:49
IBM,111.135,12:13:51
IBM,111.16,12:13:54
IBM,111.165,12:13:59
IBM,111.13,12:14:03
IBM,111.09,12:14:09
IBM,111.1066,12:14:10
IBM,111.11,12:14:15
IBM,111.14,12:14:17
IBM,111.15,12:14:18
IBM,111.11,12:14:19
IBM,111.18,12:14:25
IBM,111.1933,12:14:28
IBM,111.22,12:14:33
IBM,111.1919,12:14:35
IBM,111.155,12:14:37
IBM,111.13,12:14:39
IBM,111.1475,12:14:40
IBM,111.125,12:14:42
IBM,111.0727,12:14:44
IBM,111.06,12:14:46
IBM,111.0477,12:14:53
IBM,111.03,12:15:07
IBM,111.035,12:15:12
IBM,111.06,12:15:13
IBM,111.0571,12:15:24
IBM,111.0755,12:15:28
IBM,111.05,12:15:29
IBM,111.0475,12:15:30
IBM,111.0493,12:15:33
IBM,111.07,12:15:34
IBM,111.0781,12:15:36
IBM,111.085,12:15:37
IBM,111.08,12:15:38
IBM,111.05,12:15:45
IBM,110.98,12:15:47
IBM,111.015,12:15:52
IBM,111.03,12:15:55
IBM,111.025,12:15:56
IBM,110.99,12:15:58
IBM,110.94,12:16:02
IBM,110.9915,12:16:02
IBM,110.995,12:16:12
IBM,111,12:16:13
IBM,111.0112,12:16:18
IBM,110.96,12:16:20
IBM,111.02,12:16:22
IBM,111.015,12:16:24
IBM,110.95,12:16:28
IBM,110.91,12:16:30
IBM,110.9599,12:16:31
IBM,110.96,12:16:32
IBM,110.98,12:16:34
IBM,110.95,12:16:36
IBM,110.98,12:16:39
IBM,111.005,12:16:41
IBM,111.03,12:16:44
IBM,111.045,12:16:45
IBM,111.03,12:16:47
IBM,111.1,12:16:48
IBM,111.11,12:16:51
IBM,111.085,12:16:54
IBM,111.0945,12:16:55
IBM,111.12,12:16:56
IBM,111.17,12:16:57
IBM,111.205,12:16:59
IBM,111.17,12:17:00
IBM,111.12,12:17:06
IBM,111.11,12:17:08
IBM,111.065,12:17:10
IBM,111.1,12:17:13
IBM,111.05,12:17:14
IBM,110.99,12:17:15
IBM,111.055,12:17:18
IBM,111.151,12:17:21
IBM,111.1196,12:17:28
IBM,111.13,12:17:31
IBM,111.14,12:17:35
IBM,111.16,12:17:37
IBM,111.1509,12:17:42
IBM,111.13,12:17:45
IBM,111.14,12:17:47
IBM,111.13,12:17:49
IBM,111.12,12:17:54
IBM,111.1198,12:17:55
IBM,111.1,12:17:56
IBM,111.115,12:17:58
IBM,111.105,12:18:00
IBM,111.13,12:18:03
IBM,111.12,12:18:04
IBM,111.135,12:18:05
IBM,111.145,12:18:06
IBM,111.2,12:18:10
IBM,111.2211,12:18:12
IBM,111.245,12:18:13
IBM,111.235,12:18:18
IBM,111.27,12:18:21
IBM,111.315,12:18:22
IBM,111.3,12:18:23
IBM,111.36,12:18:25
IBM,111.365,12:18:28
IBM,111.31,12:18:32
IBM,111.33,12:18:34
IBM,111.36,12:18:38
IBM,111.33,12:18:40
IBM,111.32,12:18:41
IBM,111.325,12:18:43
IBM,111.335,12:18:46
IBM,111.36,12:18:47
IBM,111.37,12:18:48
IBM,111.355,12:18:50
IBM,111.335,12:18:53
IBM,111.37,12:19:01
IBM,111.385,12:19:04
IBM,111.419,12:19:08
IBM,111.42,12:19:09
IBM,111.43,12:19:10
IBM,111.41,12:19:13
IBM,111.38,12:19:14
IBM,111.5,12:19:25
IBM,111.495,12:19:29
IBM,111.47,12:19:31
IBM,111.4658,12:19:32
IBM,111.4591,12:19:39
IBM,111.47,12:19:40
IBM,111.475,12:19:54
IBM,111.4766,12:19:56
IBM,111.4325,12:20:01
IBM,111.41,12:20:03
IBM,111.455,12:20:05
IBM,111.44,12:20:17
IBM,111.5196,12:20:25
IBM,111.47,12:20:34
IBM,111.41,12:20:44
IBM,111.4098,12:20:45
IBM,111.36,12:20:46
IBM,111.38,12:20:47
IBM,111.39,12:20:51
IBM,111.365,12:20:58
IBM,111.39,12:20:59
IBM,111.43,12:21:05
IBM,111.49,12:21:15
IBM,111.45,12:21:17
IBM,111.445,12:21:31
IBM,111.42,12:21:40
IBM,111.4101,12:21:47
IBM,111.34,12:21:50
IBM,111.3642,12:22:11
IBM,111.39,12:22:16
IBM,111.415,12:22:20
IBM,111.38,12:22:22
IBM,111.37,12:22:23
IBM,111.35,12:22:26
IBM,111.31,12:22:28
IBM,111.28,12:22:29
IBM,111.25,12:22:32
IBM,111.31,12:22:37
IBM,111.295,12:22:40
IBM,111.26,12:22:41
IBM,111.225,12:22:42
IBM,111.26,12:22:45
IBM,111.29,12:22:55
IBM,111.27,12:22:57
IBM,111.29,12:22:59
IBM,111.22,12:23:01
IBM,111.21,12:23:11
IBM,111.18,12:23:12
IBM,111.25,12:23:13
IBM,111.22,12:23:17
IBM,111.15,12:23:25
IBM,111.13,12:23:26
IBM,111.15,12:23:27
IBM,111.13,12:23:29
IBM,111.12,12:23:32
IBM,111.09,12:23:38
IBM,111.12,12:23:40
IBM,111.09,12:23:43
IBM,111.06,12:23:44
IBM,111.095,12:23:48
IBM,111.15,12:23:50
IBM,111.1186,12:23:57
IBM,111.135,12:24:02
IBM,111.15,12:24:03
IBM,111.25,12:24:18
IBM,111.23,12:24:24
IBM,111.305,12:24:47
IBM,111.32,12:24:59
IBM,111.355,12:25:02
IBM,111.305,12:25:04
IBM,111.39,12:25:11
IBM,111.4,12:25:12
IBM,111.39,12:25:21
IBM,111.33,12:25:24
IBM,111.395,12:25:35
IBM,111.355,12:25:39
IBM,111.35,12:25:42
IBM,111.34,12:25:50
IBM,111.41,12:25:57
IBM,111.38,12:26:04
IBM,111.36,12:26:08
IBM,111.43,12:26:09
IBM,111.4569,12:26:10
IBM,111.455,12:26:13
IBM,111.4307,12:26:16
IBM,111.4505,12:26:17
IBM,111.4562,12:26:35
IBM,111.47,12:26:39
IBM,111.455,12:26:44
IBM,111.46,12:26:45
IBM,111.5,12:26:49
IBM,111.46,12:26:51
IBM,111.495,12:26:53
IBM,111.5035,12:26:54
IBM,111.47,12:26:59
IBM,111.43,12:27:05
IBM,111.47,12:27:08
IBM,111.4337,12:27:11
IBM,111.41,12:27:12
IBM,111.44,12:27:19
IBM,111.46,12:27:20
IBM,111.465,12:27:28
IBM,111.44,12:27:29
IBM,111.5,12:27:32
IBM,111.52,12:27:33
IBM,111.47,12:27:37
IBM,111.455,12:27:39
IBM,111.4359,12:27:42
IBM,111.45,12:27:47
IBM,111.47,12:27:51
IBM,111.48,12:27:52
IBM,111.45,12:27:54
IBM,111.47,12:27:56
IBM,111.42,12:27:57
IBM,111.39,12:27:59
IBM,111.38,12:28:00
IBM,111.35,12:28:01
IBM,111.3575,12:28:03
IBM,111.365,12:28:08
IBM,111.31,12:28:11
IBM,111.275,12:28:18
IBM,111.295,12:28:19
IBM,111.3,12:28:24
IBM,111.32,12:28:29
IBM,111.295,12:28:30
IBM,111.35,12:28:32
IBM,111.33,12:28:42
IBM,111.325,12:28:44
IBM,111.335,12:28:48
IBM,111.37,12:28:55
IBM,111.33,12:28:56
IBM,111.345,12:29:02
IBM,111.34,12:29:13
IBM,111.37,12:29:16
IBM,111.345,12:29:19
IBM,111.36,12:29:28
IBM,111.4,12:29:34
IBM,111.3875,12:29:39
IBM,111.38,12:29:40
IBM,111.36,12:29:44
IBM,111.385,12:29:45
IBM,111.3866,12:29:50
IBM,111.385,12:29:51
IBM,111.35,12:29:57
IBM,111.365,12:29:58
IBM,111.35,12:30:00
IBM,111.36,12:30:03
IBM,111.29,12:30:07
IBM,111.23,12:30:08
IBM,111.28,12:30:11
IBM,111.27,12:30:12
IBM,111.24,12:30:20
IBM,111.18,12:30:25
IBM,111.205,12:30:30
IBM,111.235,12:30:33
IBM,111.26,12:30:34
IBM,111.25,12:30:36
IBM,111.28,12:30:37
IBM,111.27,12:30:38
IBM,111.29,12:30:39
IBM,111.28,12:30:40
IBM,111.32,12:30:43
IBM,111.38,12:30:47
IBM,111.3638,12:30:53
IBM,111.36,12:30:56
IBM,111.31,12:30:58
IBM,111.27,12:30:59
IBM,111.28,12:31:07
IBM,111.3,12:31:08
IBM,111.325,12:31:17
IBM,111.32,12:31:19
IBM,111.315,12:31:23
IBM,111.29,12:31:25
IBM,111.3,12:31:27
IBM,111.355,12:31:34
IBM,111.3,12:31:43
IBM,111.28,12:31:46
IBM,111.27,12:31:48
IBM,111.25,12:31:49
IBM,111.07,12:31:58
IBM,111.16,12:31:59
IBM,111.175,12:32:07
IBM,111.185,12:32:08
IBM,111.175,12:32:13
IBM,111.2,12:32:21
IBM,111.1652,12:32:30
IBM,111.17,12:32:37
IBM,111.1625,12:32:40
IBM,111.14,12:32:41
IBM,111.1751,12:32:42
IBM,111.11,12:32:45
IBM,111.07,12:32:51
IBM,111.12,12:32:53
IBM,111.11,12:32:54
IBM,111.1012,12:32:55
IBM,111.1,12:32:56
IBM,111.12,12:32:59
IBM,111.13,12:33:07
IBM,111.185,12:33:18
IBM,111.16,12:33:18
IBM,111.24,12:33:29
IBM,111.235,12:33:32
IBM,111.165,12:33:35
IBM,111.1267,12:33:39
IBM,111.15,12:33:40
IBM,111.135,12:33:44
IBM,111.1119,12:33:45
IBM,111.155,12:33:50
IBM,111.11,12:33:51
IBM,111.1144,12:33:55
IBM,111.08,12:33:59
IBM,111.01,12:34:14
IBM,110.97,12:34:21
IBM,110.93,12:34:21
IBM,110.92,12:34:21
IBM,110.93,12:34:25
IBM,110.945,12:34:28
IBM,110.9,12:34:31
IBM,110.9353,12:34:37
IBM,110.92,12:34:39
IBM,110.945,12:34:40
IBM,110.92,12:34:41
IBM,110.91,12:34:42
IBM,110.94,12:34:45
IBM,110.9,12:34:46
IBM,110.88,12:34:50
IBM,110.89,12:34:56
IBM,110.92,12:34:57
IBM,110.88,12:35:04
IBM,110.84,12:35:08
IBM,110.8413,12:35:11
IBM,110.85,12:35:15
IBM,110.845,12:35:16
IBM,110.88,12:35:17
IBM,110.882,12:35:21
IBM,110.88,12:35:26
IBM,110.89,12:35:28
IBM,110.96,12:35:29
IBM,110.92,12:35:33
IBM,110.98,12:35:40
IBM,110.94,12:35:43
IBM,111.0009,12:35:45
IBM,110.94,12:35:49
IBM,110.945,12:35:57
IBM,110.91,12:35:59
IBM,110.865,12:36:01
IBM,110.9,12:36:02
IBM,110.86,12:36:03
IBM,110.9,12:36:04
IBM,110.89,12:36:05
IBM,110.93,12:36:13
IBM,110.9336,12:36:34
IBM,110.9,12:36:35
IBM,110.915,12:36:39
IBM,110.95,12:36:40
IBM,110.96,12:36:50
IBM,111,12:36:51
IBM,111.075,12:36:58
IBM,111.1899,12:37:00
IBM,111.1175,12:37:02
IBM,111.13,12:37:11
IBM,111.16,12:37:21
IBM,111.13,12:37:29
IBM,111.135,12:37:36
IBM,111.17,12:37:37
IBM,111.175,12:37:43
IBM,111.25,12:37:46
IBM,111.215,12:37:48
IBM,111.18,12:37:52
IBM,111.1401,12:37:58
IBM,111.145,12:38:10
IBM,111.14,12:38:11
IBM,111.13,12:38:13
IBM,111.035,12:38:21
IBM,111.07,12:38:23
IBM,111.109,12:38:25
IBM,111.0664,12:38:38
IBM,111.095,12:38:39
IBM,111.13,12:38:40
IBM,111.16,12:38:47
IBM,111.19,12:38:47
IBM,111.2385,12:38:48
IBM,111.26,12:38:52
IBM,111.2,12:38:53
IBM,111.205,12:38:56
IBM,111.25,12:39:04
IBM,111.28,12:39:06
IBM,111.22,12:39:20
IBM,111.305,12:39:40
IBM,111.29,12:39:41
IBM,111.27,12:39:44
IBM,111.265,12:39:54
IBM,111.235,12:40:04
IBM,111.25,12:40:12
IBM,111.255,12:40:20
IBM,111.2,12:40:29
IBM,111.1466,12:40:31
IBM,111.1544,12:40:35
IBM,111.16,12:40:40
IBM,111.15,12:40:41
IBM,111.175,12:40:56
IBM,111.15,12:40:57
IBM,111.17,12:41:03
IBM,111.18,12:41:07
IBM,111.205,12:41:16
IBM,111.25,12:41:22
IBM,111.2544,12:41:24
IBM,111.235,12:41:28
IBM,111.16,12:41:32
IBM,111.12,12:41:35
IBM,111.11,12:41:37
IBM,111.18,12:41:41
IBM,111.17,12:41:43
IBM,111.12,12:41:53
IBM,111.125,12:42:00
IBM,111.11,12:42:07
IBM,111.125,12:42:19
IBM,111.21,12:42:20
IBM,111.1675,12:42:22
IBM,111.16,12:42:23
IBM,111.1,12:42:29
IBM,111.14,12:42:40
IBM,111.145,12:42:42
IBM,111.08,12:42:42
IBM,111.07,12:42:43
IBM,111.0315,12:42:44
IBM,111.05,12:42:49
IBM,111.1,12:42:59
IBM,111.12,12:43:00
IBM,111.2,12:43:04
IBM,111.18,12:43:09
IBM,111.125,12:43:11
IBM,111.14,12:43:12
IBM,111.145,12:43:13
IBM,111.115,12:43:22
IBM,111.07,12:43:23
IBM,111.115,12:43:30
IBM,111.1426,12:43:34
IBM,111.1,12:43:35
IBM,111.24,12:43:37
IBM,111.27,12:43:38
IBM,111.265,12:43:40
IBM,111.29,12:43:46
IBM,111.2966,12:43:48
IBM,111.28,12:43:49
IBM,111.22,12:43:53
IBM,111.265,12:44:03
IBM,111.23,12:44:05
IBM,111.2171,12:44:06
IBM,111.1601,12:44:09
IBM,111.17,12:44:11
IBM,111.14,12:44:15
IBM,111.2,12:44:24
IBM,111.155,12:44:27
IBM,111.11,12:44:29
IBM,111.145,12:44:38
IBM,111.2,12:44:41
IBM,111.11,12:44:50
IBM,111.13,12:44:51
IBM,111.15,12:44:59
IBM,111.2,12:45:02
IBM,111.18,12:45:03
IBM,111.1622,12:45:08
IBM,111.14,12:45:10
IBM,111.22,12:45:16
IBM,111.18,12:45:21
IBM,111.26,12:45:32
IBM,111.245,12:45:34
IBM,111.2483,12:45:36
IBM,111.29,12:45:41
IBM,111.295,12:45:42
IBM,111.265,12:45:44
IBM,111.23,12:45:47
IBM,111.25,12:45:48
IBM,111.24,12:46:03
IBM,111.25,12:46:04
IBM,111.2584,12:46:06
IBM,111.23,12:46:10
IBM,111.2,12:46:12
IBM,111.1818,12:46:14
IBM,111.21,12:46:20
IBM,111.175,12:46:29
IBM,111.16,12:46:34
IBM,111.23,12:46:40
IBM,111.1948,12:46:42
IBM,111.155,12:46:43
IBM,111.14,12:46:44
IBM,111.18,12:46:45
IBM,111.21,12:46:49
IBM,111.225,12:46:51
IBM,111.27,12:46:54
IBM,111.17,12:47:06
IBM,111.23,12:47:09
IBM,111.18,12:47:10
IBM,111.2,12:47:27
IBM,111.165,12:47:36
IBM,111.21,12:47:41
IBM,111.14,12:48:11
IBM,111.13,12:48:13
IBM,111.15,12:48:18
IBM,111.11,12:48:27
IBM,111.1,12:48:28
IBM,111.12,12:48:41
IBM,111.085,12:48:46
IBM,111.06,12:48:52
IBM,111,12:48:59
IBM,110.99,12:49:05
IBM,110.95,12:49:06
IBM,110.96,12:49:07
IBM,110.97,12:49:10
IBM,110.96,12:49:11
IBM,110.965,12:49:13
IBM,111.02,12:49:16
IBM,111.05,12:49:27
IBM,111.06,12:49:32
IBM,111.12,12:49:42
IBM,111.16,12:49:44
IBM,111.127,12:49:47
IBM,111.14,12:49:58
IBM,111.21,12:50:02
IBM,111.23,12:50:03
IBM,111.302,12:50:05
IBM,111.299,12:50:08
IBM,111.185,12:50:13
IBM,111.23,12:50:14
IBM,111.29,12:50:24
IBM,111.33,12:50:29
IBM,111.28,12:50:33
IBM,111.29,12:50:34
IBM,111.3099,12:50:35
IBM,111.285,12:50:38
IBM,111.305,12:50:40
IBM,111.34,12:50:41
IBM,111.3999,12:50:49
IBM,111.375,12:50:51
IBM,111.39,12:50:52
IBM,111.4,12:50:54
IBM,111.45,12:51:02
IBM,111.44,12:51:04
IBM,111.47,12:51:05
IBM,111.482,12:51:06
IBM,111.5,12:51:09
IBM,111.3996,12:51:12
IBM,111.39,12:51:14
IBM,111.4,12:51:20
IBM,111.39,12:51:21
IBM,111.36,12:51:26
IBM,111.385,12:51:30
IBM,111.36,12:51:37
IBM,111.42,12:51:41
IBM,111.41,12:51:47
IBM,111.392,12:51:48
IBM,111.445,12:51:57
IBM,111.5,12:52:01
IBM,111.4785,12:52:02
IBM,111.51,12:52:03
IBM,111.52,12:52:08
IBM,111.5285,12:52:09
IBM,111.49,12:52:11
IBM,111.485,12:52:15
IBM,111.505,12:52:27
IBM,111.52,12:52:41
IBM,111.55,12:52:42
IBM,111.555,12:52:43
IBM,111.55,12:52:44
IBM,111.505,12:52:54
IBM,111.47,12:52:55
IBM,111.48,12:53:04
IBM,111.5,12:53:05
IBM,111.51,12:53:17
IBM,111.483,12:53:24
IBM,111.455,12:53:31
IBM,111.4531,12:53:37
IBM,111.476,12:53:40
IBM,111.48,12:53:41
IBM,111.4973,12:53:47
IBM,111.51,12:53:50
IBM,111.47,12:53:52
IBM,111.4,12:53:54
IBM,111.44,12:53:55
IBM,111.45,12:53:57
IBM,111.42,12:53:59
IBM,111.41,12:54:06
IBM,111.37,12:54:08
IBM,111.43,12:54:14
IBM,111.46,12:54:15
IBM,111.42,12:54:16
IBM,111.44,12:54:18
IBM,111.48,12:54:24
IBM,111.465,12:54:29
IBM,111.48,12:54:30
IBM,111.52,12:54:41
IBM,111.4806,12:54:42
IBM,111.54,12:54:48
IBM,111.5193,12:54:59
IBM,111.49,12:55:02
IBM,111.45,12:55:04
IBM,111.405,12:55:06
IBM,111.35,12:55:19
IBM,111.34,12:55:26
IBM,111.42,12:55:27
IBM,111.4,12:55:32
IBM,111.48,12:55:34
IBM,111.4681,12:55:38
IBM,111.43,12:55:38
IBM,111.47,12:55:40
IBM,111.41,12:55:46
IBM,111.4,12:55:47
IBM,111.38,12:55:48
IBM,111.42,12:55:49
IBM,111.44,12:55:53
IBM,111.4162,12:55:54
IBM,111.4458,12:56:00
IBM,111.45,12:56:02
IBM,111.48,12:56:05
IBM,111.46,12:56:09
IBM,111.44,12:56:14
IBM,111.435,12:56:15
IBM,111.42,12:56:21
IBM,111.43,12:56:22
IBM,111.44,12:56:42
IBM,111.48,12:56:43
IBM,111.455,12:56:48
IBM,111.49,12:56:54
IBM,111.43,12:56:55
IBM,111.37,12:57:03
IBM,111.42,12:57:05
IBM,111.4,12:57:07
IBM,111.44,12:57:09
IBM,111.43,12:57:15
IBM,111.45,12:57:17
IBM,111.46,12:57:19
IBM,111.48,12:57:24
IBM,111.4,12:57:29
IBM,111.42,12:57:33
IBM,111.3868,12:57:37
IBM,111.44,12:57:42
IBM,111.46,12:57:43
IBM,111.51,12:57:48
IBM,111.49,12:57:57
IBM,111.48,12:58:01
IBM,111.515,12:58:02
IBM,111.5289,12:58:06
IBM,111.5,12:58:07
IBM,111.505,12:58:08
IBM,111.49,12:58:10
IBM,111.54,12:58:17
IBM,111.53,12:58:27
IBM,111.52,12:58:36
IBM,111.515,12:58:38
IBM,111.54,12:58:39
IBM,111.58,12:58:40
IBM,111.61,12:58:59
IBM,111.605,12:59:01
IBM,111.59,12:59:06
IBM,111.58,12:59:07
IBM,111.595,12:59:10
IBM,111.58,12:59:13
IBM,111.585,12:59:16
IBM,111.575,12:59:21
IBM,111.6195,12:59:35
IBM,111.64,12:59:38
IBM,111.67,12:59:41
IBM,111.7307,12:59:56
IBM,111.6763,12:59:59
IBM,111.67,01:00:00
IBM,111.68,01:00:01
IBM,111.64,01:00:03
IBM,111.65,01:00:10
IBM,111.63,01:00:12
IBM,111.725,01:00:21
IBM,111.7,01:00:24
IBM,111.685,01:00:30
IBM,111.6857,01:00:38
IBM,111.74,01:00:41
IBM,111.78,01:00:42
IBM,111.7434,01:00:47
IBM,111.7442,01:00:51
IBM,111.71,01:00:55
IBM,111.65,01:01:03
IBM,111.57,01:01:07
IBM,111.6,01:01:09
IBM,111.595,01:01:12
IBM,111.61,01:01:14
IBM,111.58,01:01:22
IBM,111.56,01:01:27
IBM,111.5147,01:01:28
IBM,111.5,01:01:33
IBM,111.54,01:01:41
IBM,111.577,01:01:42
IBM,111.585,01:01:46
IBM,111.5529,01:02:03
IBM,111.58,01:02:04
IBM,111.54,01:02:05
IBM,111.485,01:02:10
IBM,111.49,01:02:11
IBM,111.47,01:02:13
IBM,111.485,01:02:25
IBM,111.48,01:02:27
IBM,111.4771,01:02:38
IBM,111.51,01:02:41
IBM,111.49,01:02:55
IBM,111.485,01:02:56
IBM,111.495,01:03:07
IBM,111.3951,01:03:08
IBM,111.41,01:03:09
IBM,111.475,01:03:19
IBM,111.53,01:03:26
IBM,111.55,01:03:27
IBM,111.5342,01:03:30
IBM,111.56,01:03:31
IBM,111.57,01:03:32
IBM,111.6,01:03:33
IBM,111.58,01:03:34
IBM,111.63,01:03:35
IBM,111.59,01:03:36
IBM,111.57,01:03:39
IBM,111.59,01:03:41
IBM,111.55,01:03:43
IBM,111.5658,01:03:50
IBM,111.6,01:03:54
IBM,111.53,01:03:55
IBM,111.5199,01:03:57
IBM,111.48,01:03:58
IBM,111.46,01:04:11
IBM,111.47,01:04:12
IBM,111.5099,01:04:17
IBM,111.54,01:04:22
IBM,111.52,01:04:23
IBM,111.515,01:04:29
IBM,111.51,01:04:32
IBM,111.495,01:04:43
IBM,111.53,01:04:47
IBM,111.537,01:04:54
IBM,111.565,01:04:54
IBM,111.57,01:05:02
IBM,111.535,01:05:03
IBM,111.46,01:05:07
IBM,111.43,01:05:08
IBM,111.4358,01:05:09
IBM,111.47,01:05:15
IBM,111.46,01:05:15
IBM,111.4525,01:05:17
IBM,111.46,01:05:22
IBM,111.5098,01:05:24
IBM,111.45,01:05:33
IBM,111.44,01:05:35
IBM,111.49,01:05:36
IBM,111.48,01:05:41
IBM,111.51,01:05:42
IBM,111.54,01:05:43
IBM,111.47,01:05:51
IBM,111.455,01:05:53
IBM,111.485,01:05:55
IBM,111.495,01:05:56
IBM,111.48,01:06:19
IBM,111.445,01:06:24
IBM,111.4815,01:06:25
IBM,111.46,01:06:34
IBM,111.4586,01:06:36
IBM,111.51,01:06:40
IBM,111.49,01:06:46
IBM,111.48,01:06:47
IBM,111.42,01:06:49
IBM,111.51,01:06:55
IBM,111.47,01:06:58
IBM,111.49,01:07:02
IBM,111.43,01:07:09
IBM,111.42,01:07:21
IBM,111.4,01:07:28
IBM,111.4103,01:07:31
IBM,111.43,01:07:42
IBM,111.39,01:07:49
IBM,111.44,01:07:56
IBM,111.39,01:08:11
IBM,111.38,01:08:21
IBM,111.34,01:08:22
IBM,111.37,01:08:25
IBM,111.32,01:08:26
IBM,111.2738,01:08:28
IBM,111.3181,01:08:32
IBM,111.34,01:08:37
IBM,111.35,01:08:42
IBM,111.3,01:08:43
IBM,111.23,01:08:47
IBM,111.29,01:08:58
IBM,111.285,01:08:59
IBM,111.245,01:09:22
IBM,111.27,01:09:25
IBM,111.24,01:09:32
IBM,111.33,01:09:42
IBM,111.32,01:09:43
IBM,111.34,01:09:46
IBM,111.38,01:10:03
IBM,111.4,01:10:04
IBM,111.43,01:10:07
IBM,111.355,01:10:11
IBM,111.4274,01:10:22
IBM,111.45,01:10:24
IBM,111.48,01:10:34
IBM,111.47,01:10:41
IBM,111.51,01:10:53
IBM,111.5,01:10:56
IBM,111.46,01:10:57
IBM,111.5106,01:10:58
IBM,111.53,01:11:10
IBM,111.55,01:11:11
IBM,111.56,01:11:16
IBM,111.555,01:11:18
IBM,111.61,01:11:19
IBM,111.5,01:11:21
IBM,111.56,01:11:28
IBM,111.51,01:11:34
IBM,111.54,01:11:36
IBM,111.55,01:11:39
IBM,111.58,01:11:41
IBM,111.59,01:11:54
IBM,111.5785,01:11:58
IBM,111.56,01:12:00
IBM,111.535,01:12:05
IBM,111.56,01:12:07
IBM,111.55,01:12:09
IBM,111.53,01:12:10
IBM,111.5,01:12:12
IBM,111.58,01:12:16
IBM,111.55,01:12:24
IBM,111.56,01:12:27
IBM,111.53,01:12:36
IBM,111.63,01:12:42
IBM,111.58,01:12:43
IBM,111.545,01:12:45
IBM,111.5,01:12:49
IBM,111.48,01:12:55
IBM,111.53,01:12:58
IBM,111.52,01:12:59
IBM,111.5,01:13:08
IBM,111.47,01:13:12
IBM,111.43,01:13:31
IBM,111.47,01:13:41
IBM,111.57,01:13:43
IBM,111.58,01:13:44
IBM,111.5448,01:13:44
IBM,111.51,01:13:49
IBM,111.495,01:13:50
IBM,111.48,01:13:51
IBM,111.445,01:13:57
IBM,111.47,01:13:58
IBM,111.51,01:14:00
IBM,111.42,01:14:12
IBM,111.37,01:14:15
IBM,111.34,01:14:18
IBM,111.3,01:14:20
IBM,111.29,01:14:33
IBM,111.35,01:14:37
IBM,111.4385,01:14:40
IBM,111.4799,01:14:42
IBM,111.431,01:14:43
IBM,111.4131,01:14:45
IBM,111.37,01:14:47
IBM,111.38,01:14:48
IBM,111.3925,01:14:51
IBM,111.3938,01:14:58
IBM,111.4665,01:15:01
IBM,111.47,01:15:08
IBM,111.45,01:15:08
IBM,111.53,01:15:17
IBM,111.54,01:15:18
IBM,111.59,01:15:23
IBM,111.61,01:15:25
IBM,111.64,01:15:27
IBM,111.6681,01:15:29
IBM,111.5907,01:15:30
IBM,111.618,01:15:32
IBM,111.58,01:15:33
IBM,111.54,01:15:35
IBM,111.57,01:15:42
IBM,111.58,01:15:56
IBM,111.55,01:15:59
IBM,111.51,01:16:06
IBM,111.515,01:16:07
IBM,111.51,01:16:16
IBM,111.5322,01:16:16
IBM,111.53,01:16:23
IBM,111.57,01:16:28
IBM,111.5578,01:16:32
IBM,111.62,01:16:42
IBM,111.58,01:16:44
IBM,111.65,01:16:51
IBM,111.6082,01:16:55
IBM,111.63,01:16:58
IBM,111.605,01:16:59
IBM,111.57,01:17:02
IBM,111.595,01:17:07
IBM,111.62,01:17:09
IBM,111.6,01:17:19
IBM,111.605,01:17:21
IBM,111.627,01:17:27
IBM,111.62,01:17:33
IBM,111.65,01:17:41
IBM,111.64,01:17:42
IBM,111.69,01:17:43
IBM,111.66,01:17:53
IBM,111.655,01:18:03
IBM,111.68,01:18:13
IBM,111.69,01:18:14
IBM,111.7086,01:18:35
IBM,111.73,01:18:36
IBM,111.75,01:18:42
IBM,111.76,01:18:57
IBM,111.71,01:19:01
IBM,111.7,01:19:03
IBM,111.68,01:19:08
IBM,111.65,01:19:10
IBM,111.635,01:19:18
IBM,111.63,01:19:21
IBM,111.54,01:19:40
IBM,111.65,01:19:42
IBM,111.61,01:19:44
IBM,111.63,01:19:47
IBM,111.611,01:19:53
IBM,111.605,01:19:58
IBM,111.6,01:20:01
IBM,111.57,01:20:09
IBM,111.5,01:20:10
IBM,111.45,01:20:19
IBM,111.43,01:20:21
IBM,111.42,01:20:22
IBM,111.435,01:20:25
IBM,111.47,01:20:27
IBM,111.43,01:20:29
IBM,111.4316,01:20:32
IBM,111.43,01:20:33
IBM,111.39,01:20:36
IBM,111.351,01:20:38
IBM,111.39,01:20:39
IBM,111.43,01:20:41
IBM,111.46,01:20:42
IBM,111.5,01:20:43
IBM,111.4949,01:20:44
IBM,111.5,01:20:45
IBM,111.51,01:20:47
IBM,111.54,01:20:48
IBM,111.53,01:20:51
IBM,111.6,01:20:52
IBM,111.6026,01:20:54
IBM,111.6,01:20:55
IBM,111.61,01:20:56
IBM,111.63,01:20:58
IBM,111.58,01:21:01
IBM,111.64,01:21:05
IBM,111.625,01:21:06
IBM,111.65,01:21:07
IBM,111.7,01:21:08
IBM,111.66,01:21:10
IBM,111.64,01:21:10
IBM,111.65,01:21:14
IBM,111.655,01:21:15
IBM,111.69,01:21:19
IBM,111.74,01:21:20
IBM,111.73,01:21:21
IBM,111.74,01:21:23
IBM,111.72,01:21:30
IBM,111.73,01:21:32
IBM,111.74,01:21:36
IBM,111.75,01:21:40
IBM,111.77,01:21:41
IBM,111.82,01:21:42
IBM,111.74,01:21:44
IBM,111.7685,01:21:49
IBM,111.72,01:21:52
IBM,111.68,01:21:53
IBM,111.62,01:21:55
IBM,111.6,01:21:56
IBM,111.58,01:21:59
IBM,111.55,01:22:05
IBM,111.61,01:22:08
IBM,111.58,01:22:11
IBM,111.52,01:22:27
IBM,111.49,01:22:32
IBM,111.5,01:22:38
IBM,111.46,01:22:41
IBM,111.5,01:22:43
IBM,111.47,01:22:47
IBM,111.54,01:22:53
IBM,111.5367,01:23:11
IBM,111.56,01:23:25
IBM,111.54,01:23:27
IBM,111.595,01:23:30
IBM,111.59,01:23:31
IBM,111.6,01:23:33
IBM,111.64,01:23:41
IBM,111.7,01:23:42
IBM,111.71,01:23:58
IBM,111.658,01:24:02
IBM,111.68,01:24:05
IBM,111.71,01:24:08
IBM,111.65,01:24:11
IBM,111.59,01:24:15
IBM,111.685,01:24:21
IBM,111.72,01:24:21
IBM,111.7604,01:24:32
IBM,111.63,01:24:43
IBM,111.6714,01:24:48
IBM,111.6465,01:24:49
IBM,111.59,01:25:02
IBM,111.56,01:25:05
IBM,111.5296,01:25:08
IBM,111.56,01:25:15
IBM,111.575,01:25:16
IBM,111.562,01:25:20
IBM,111.5845,01:25:21
IBM,111.565,01:25:25
IBM,111.56,01:25:26
IBM,111.54,01:25:28
IBM,111.61,01:25:29
IBM,111.6641,01:25:33
IBM,111.69,01:25:33
IBM,111.7,01:25:39
IBM,111.69,01:25:40
IBM,111.72,01:25:41
IBM,111.7531,01:25:42
IBM,111.73,01:25:46
IBM,111.7599,01:25:48
IBM,111.7354,01:25:49
IBM,111.76,01:25:50
IBM,111.7,01:25:53
IBM,111.725,01:25:54
IBM,111.76,01:25:58
IBM,111.735,01:26:02
IBM,111.71,01:26:03
IBM,111.78,01:26:08
IBM,111.7942,01:26:21
IBM,111.81,01:26:24
IBM,111.82,01:26:36
IBM,111.815,01:26:37
IBM,111.78,01:26:39
IBM,111.84,01:26:42
IBM,111.79,01:26:57
IBM,111.7967,01:27:01
IBM,111.81,01:27:02
IBM,111.79,01:27:03
IBM,111.7851,01:27:25
IBM,111.8,01:27:25
IBM,111.84,01:27:32
IBM,111.89,01:27:33
IBM,111.91,01:27:34
IBM,111.8871,01:27:35
IBM,111.88,01:27:38
IBM,111.91,01:27:41
IBM,111.85,01:27:45
IBM,111.878,01:27:46
IBM,111.8684,01:27:50
IBM,111.92,01:27:51
IBM,111.8931,01:27:54
IBM,111.88,01:27:57
IBM,111.9,01:28:00
IBM,111.87,01:28:04
IBM,111.89,01:28:13
IBM,111.86,01:28:16
IBM,111.855,01:28:24
IBM,111.87,01:28:26
IBM,111.88,01:28:28
IBM,111.884,01:28:30
IBM,111.87,01:28:31
IBM,111.8522,01:28:36
IBM,111.88,01:28:37
IBM,111.91,01:28:39
IBM,111.99,01:28:43
IBM,111.955,01:28:44
IBM,111.9385,01:28:45
IBM,111.955,01:28:47
IBM,111.9495,01:28:48
IBM,111.9436,01:28:50
IBM,111.98,01:28:51
IBM,111.99,01:28:53
IBM,111.97,01:28:54
IBM,111.94,01:28:55
IBM,111.96,01:29:05
IBM,111.9502,01:29:09
IBM,111.96,01:29:10
IBM,111.97,01:29:12
IBM,112.02,01:29:15
IBM,112.05,01:29:16
IBM,112.03,01:29:19
IBM,112.034,01:29:20
IBM,112.01,01:29:22
IBM,111.99,01:29:23
IBM,111.93,01:29:29
IBM,112,01:29:42
IBM,111.98,01:29:44
IBM,111.94,01:29:46
IBM,111.9,01:29:51
IBM,111.8519,01:29:52
IBM,111.92,01:30:02
IBM,111.925,01:30:03
IBM,111.9709,01:30:26
IBM,111.95,01:30:32
IBM,111.96,01:30:34
IBM,111.94,01:30:35
IBM,111.95,01:30:37
IBM,111.8539,01:30:38
IBM,111.8501,01:30:41
IBM,111.93,01:30:42
IBM,111.892,01:30:46
IBM,111.85,01:30:52
IBM,111.9,01:30:57
IBM,111.93,01:30:58
IBM,111.922,01:31:02
IBM,111.93,01:31:08
IBM,111.905,01:31:10
IBM,111.94,01:31:14
IBM,111.96,01:31:15
IBM,111.995,01:31:18
IBM,111.9946,01:31:21
IBM,112,01:31:25
IBM,112.03,01:31:27
IBM,111.96,01:31:35
IBM,111.9824,01:31:40
IBM,112.01,01:31:42
IBM,112,01:31:45
IBM,111.97,01:31:54
IBM,111.9755,01:31:56
IBM,111.99,01:31:58
IBM,112,01:32:07
IBM,111.97,01:32:26
IBM,111.995,01:32:29
IBM,112.0045,01:32:31
IBM,111.98,01:32:41
IBM,111.95,01:32:43
IBM,111.9251,01:32:50
IBM,111.93,01:32:54
IBM,111.94,01:32:55
IBM,111.95,01:32:58
IBM,111.94,01:33:01
IBM,111.92,01:33:02
IBM,111.86,01:33:10
IBM,111.885,01:33:14
IBM,111.86,01:33:15
IBM,111.84,01:33:16
IBM,111.83,01:33:17
IBM,111.82,01:33:18
IBM,111.83,01:33:27
IBM,111.845,01:33:32
IBM,111.84,01:33:33
IBM,111.805,01:33:37
IBM,111.8277,01:33:38
IBM,111.8,01:33:43
IBM,111.81,01:33:47
IBM,111.8,01:33:53
IBM,111.77,01:33:59
IBM,111.76,01:34:02
IBM,111.73,01:34:09
IBM,111.7,01:34:10
IBM,111.68,01:34:17
IBM,111.66,01:34:20
IBM,111.6,01:34:33
IBM,111.635,01:34:38
IBM,111.67,01:34:42
IBM,111.73,01:34:46
IBM,111.715,01:34:48
IBM,111.75,01:34:50
IBM,111.79,01:34:53
IBM,111.7376,01:34:59
IBM,111.715,01:35:06
IBM,111.67,01:35:14
IBM,111.75,01:35:18
IBM,111.77,01:35:19
IBM,111.81,01:35:24
IBM,111.87,01:35:27
IBM,111.9,01:35:28
IBM,111.875,01:35:33
IBM,111.85,01:35:43
IBM,111.865,01:35:51
IBM,111.81,01:35:52
IBM,111.76,01:36:17
IBM,111.78,01:36:44
IBM,111.76,01:36:45
IBM,111.84,01:36:46
IBM,111.87,01:36:50
IBM,111.795,01:36:51
IBM,111.8299,01:36:53
IBM,111.76,01:37:02
IBM,111.75,01:37:08
IBM,111.73,01:37:09
IBM,111.7055,01:37:11
IBM,111.74,01:37:13
IBM,111.68,01:37:26
IBM,111.65,01:37:27
IBM,111.67,01:37:34
IBM,111.7,01:37:39
IBM,111.74,01:37:43
IBM,111.755,01:37:51
IBM,111.74,01:37:53
IBM,111.78,01:38:11
IBM,111.775,01:38:13
IBM,111.75,01:38:18
IBM,111.79,01:38:21
IBM,111.785,01:38:26
IBM,111.78,01:38:32
IBM,111.8,01:38:34
IBM,111.7857,01:38:36
IBM,111.78,01:38:37
IBM,111.8,01:38:38
IBM,111.81,01:38:45
IBM,111.76,01:38:48
IBM,111.81,01:38:52
IBM,111.78,01:38:53
IBM,111.8,01:38:57
IBM,111.7899,01:38:59
IBM,111.81,01:39:01
IBM,111.79,01:39:06
IBM,111.8054,01:39:16
IBM,111.83,01:39:18
IBM,111.8218,01:39:19
IBM,111.87,01:39:22
IBM,111.89,01:39:28
IBM,111.88,01:39:32
IBM,111.9,01:39:33
IBM,111.86,01:39:34
IBM,111.84,01:39:42
IBM,111.8729,01:39:55
IBM,111.91,01:39:57
IBM,111.89,01:40:02
IBM,111.94,01:40:12
IBM,111.9349,01:40:16
IBM,111.9165,01:40:17
IBM,111.94,01:40:19
IBM,111.935,01:40:26
IBM,111.92,01:40:27
IBM,111.86,01:40:33
IBM,111.88,01:40:35
IBM,111.83,01:40:36
IBM,111.79,01:40:39
IBM,111.81,01:40:43
IBM,111.815,01:40:52
IBM,111.81,01:40:56
IBM,111.77,01:40:58
IBM,111.765,01:41:00
IBM,111.75,01:41:05
IBM,111.71,01:41:07
IBM,111.68,01:41:08
IBM,111.65,01:41:09
IBM,111.57,01:41:10
IBM,111.54,01:41:11
IBM,111.5,01:41:12
IBM,111.41,01:41:14
IBM,111.44,01:41:15
IBM,111.49,01:41:16
IBM,111.525,01:41:18
IBM,111.57,01:41:19
IBM,111.495,01:41:42
IBM,111.55,01:41:44
IBM,111.605,01:41:49
IBM,111.64,01:41:51
IBM,111.6,01:41:59
IBM,111.57,01:42:00
IBM,111.54,01:42:01
IBM,111.565,01:42:03
IBM,111.52,01:42:05
IBM,111.51,01:42:06
IBM,111.53,01:42:09
IBM,111.45,01:42:09
IBM,111.5,01:42:12
IBM,111.58,01:42:21
IBM,111.545,01:42:23
IBM,111.51,01:42:24
IBM,111.5219,01:42:25
IBM,111.498,01:42:28
IBM,111.5035,01:42:30
IBM,111.5143,01:42:37
IBM,111.52,01:42:38
IBM,111.5,01:42:39
IBM,111.57,01:42:48
IBM,111.565,01:43:02
IBM,111.57,01:43:11
IBM,111.5505,01:43:19
IBM,111.52,01:43:21
IBM,111.5,01:43:24
IBM,111.48,01:43:31
IBM,111.53,01:43:40
IBM,111.5,01:43:42
IBM,111.52,01:43:43
IBM,111.57,01:43:49
IBM,111.5539,01:43:52
IBM,111.52,01:43:57
IBM,111.49,01:44:01
IBM,111.52,01:44:02
IBM,111.5,01:44:13
IBM,111.46,01:44:43
IBM,111.485,01:44:44
IBM,111.48,01:45:00
IBM,111.39,01:45:08
IBM,111.3822,01:45:17
IBM,111.39,01:45:19
IBM,111.34,01:45:20
IBM,111.31,01:45:21
IBM,111.3,01:45:23
IBM,111.2816,01:45:32
IBM,111.298,01:45:35
IBM,111.29,01:45:35
IBM,111.27,01:45:42
IBM,111.225,01:45:43
IBM,111.2498,01:45:44
IBM,111.25,01:45:45
IBM,111.265,01:45:48
IBM,111.24,01:45:49
IBM,111.2256,01:45:50
IBM,111.26,01:45:53
IBM,111.258,01:45:58
IBM,111.28,01:46:00
IBM,111.31,01:46:03
IBM,111.2901,01:46:05
IBM,111.28,01:46:05
IBM,111.27,01:46:08
IBM,111.3,01:46:09
IBM,111.325,01:46:10
IBM,111.2905,01:46:11
IBM,111.292,01:46:12
IBM,111.28,01:46:17
IBM,111.3,01:46:20
IBM,111.31,01:46:21
IBM,111.3,01:46:25
IBM,111.32,01:46:26
IBM,111.36,01:46:27
IBM,111.3874,01:46:28
IBM,111.46,01:46:41
IBM,111.42,01:46:42
IBM,111.46,01:46:43
IBM,111.44,01:46:44
IBM,111.39,01:46:45
IBM,111.36,01:46:49
IBM,111.41,01:46:54
IBM,111.38,01:47:12
IBM,111.33,01:47:15
IBM,111.34,01:47:19
IBM,111.38,01:47:25
IBM,111.41,01:47:27
IBM,111.42,01:47:28
IBM,111.435,01:47:30
IBM,111.44,01:47:34
IBM,111.49,01:47:35
IBM,111.535,01:47:36
IBM,111.52,01:47:42
IBM,111.46,01:47:47
IBM,111.47,01:48:04
IBM,111.44,01:48:05
IBM,111.47,01:48:12
IBM,111.5,01:48:19
IBM,111.52,01:48:19
IBM,111.5,01:48:20
IBM,111.5059,01:48:24
IBM,111.49,01:48:28
IBM,111.44,01:48:41
IBM,111.46,01:48:42
IBM,111.465,01:48:50
IBM,111.4572,01:48:54
IBM,111.43,01:48:57
IBM,111.46,01:48:59
IBM,111.475,01:49:01
IBM,111.5,01:49:02
IBM,111.51,01:49:03
IBM,111.5643,01:49:10
IBM,111.555,01:49:11
IBM,111.5454,01:49:12
IBM,111.52,01:49:13
IBM,111.54,01:49:14
IBM,111.49,01:49:21
IBM,111.48,01:49:36
IBM,111.52,01:49:47
IBM,111.565,01:49:50
IBM,111.61,01:49:53
IBM,111.6,01:49:57
IBM,111.58,01:49:59
IBM,111.54,01:50:07
IBM,111.6,01:50:12
IBM,111.53,01:50:14
IBM,111.49,01:50:15
IBM,111.505,01:50:22
IBM,111.46,01:50:22
IBM,111.41,01:50:28
IBM,111.475,01:50:34
IBM,111.5,01:50:37
IBM,111.5126,01:50:38
IBM,111.555,01:50:42
IBM,111.58,01:50:43
IBM,111.56,01:50:45
IBM,111.53,01:50:56
IBM,111.4966,01:51:27
IBM,111.46,01:51:35
IBM,111.5,01:51:42
IBM,111.525,01:51:47
IBM,111.49,01:52:02
IBM,111.4826,01:52:17
IBM,111.48,01:52:26
IBM,111.46,01:52:27
IBM,111.4611,01:52:38
IBM,111.45,01:52:40
IBM,111.47,01:52:41
IBM,111.49,01:52:43
IBM,111.52,01:52:43
IBM,111.55,01:52:45
IBM,111.57,01:52:46
IBM,111.58,01:52:51
IBM,111.56,01:52:54
IBM,111.53,01:53:04
IBM,111.565,01:53:09
IBM,111.5,01:53:24
IBM,111.47,01:53:36
IBM,111.49,01:53:36
IBM,111.4954,01:53:37
IBM,111.51,01:53:42
IBM,111.57,01:53:43
IBM,111.56,01:53:47
IBM,111.57,01:53:55
IBM,111.59,01:54:00
IBM,111.6,01:54:01
IBM,111.615,01:54:02
IBM,111.61,01:54:04
IBM,111.605,01:54:07
IBM,111.56,01:54:13
IBM,111.58,01:54:26
IBM,111.61,01:54:28
IBM,111.614,01:54:34
IBM,111.58,01:54:38
IBM,111.56,01:54:39
IBM,111.62,01:54:41
IBM,111.59,01:54:42
IBM,111.64,01:54:43
IBM,111.61,01:54:59
IBM,111.57,01:55:02
IBM,111.58,01:55:07
IBM,111.57,01:55:12
IBM,111.59,01:55:19
IBM,111.55,01:55:35
IBM,111.555,01:55:39
IBM,111.59,01:55:43
IBM,111.54,01:55:46
IBM,111.53,01:55:47
IBM,111.5315,01:55:49
IBM,111.52,01:55:49
IBM,111.45,01:55:52
IBM,111.46,01:55:53
IBM,111.43,01:55:54
IBM,111.4,01:55:55
IBM,111.4247,01:55:57
IBM,111.43,01:55:57
IBM,111.45,01:55:58
IBM,111.46,01:56:01
IBM,111.37,01:56:04
IBM,111.3921,01:56:04
IBM,111.35,01:56:07
IBM,111.308,01:56:08
IBM,111.29,01:56:09
IBM,111.3603,01:56:10
IBM,111.29,01:56:15
IBM,111.295,01:56:18
IBM,111.33,01:56:19
IBM,111.355,01:56:20
IBM,111.4,01:56:22
IBM,111.415,01:56:25
IBM,111.395,01:56:26
IBM,111.39,01:56:41
IBM,111.43,01:56:43
IBM,111.44,01:56:44
IBM,111.43,01:56:45
IBM,111.41,01:56:49
IBM,111.44,01:56:51
IBM,111.475,01:56:57
IBM,111.51,01:57:02
IBM,111.5,01:57:10
IBM,111.48,01:57:11
IBM,111.5,01:57:12
IBM,111.48,01:57:22
IBM,111.49,01:57:23
IBM,111.5,01:57:26
IBM,111.51,01:57:27
IBM,111.555,01:57:33
IBM,111.58,01:57:34
IBM,111.56,01:57:44
IBM,111.58,01:57:44
IBM,111.53,01:57:49
IBM,111.51,01:57:50
IBM,111.58,01:57:57
IBM,111.56,01:58:01
IBM,111.54,01:58:07
IBM,111.48,01:58:08
IBM,111.5,01:58:09
IBM,111.51,01:58:12
IBM,111.5,01:58:13
IBM,111.5251,01:58:14
IBM,111.525,01:58:15
IBM,111.51,01:58:19
IBM,111.5,01:58:20
IBM,111.53,01:58:23
IBM,111.5,01:58:30
IBM,111.445,01:58:32
IBM,111.46,01:58:34
IBM,111.43,01:58:38
IBM,111.42,01:58:39
IBM,111.43,01:58:40
IBM,111.46,01:58:43
IBM,111.49,01:58:46
IBM,111.45,01:58:52
IBM,111.43,01:58:53
IBM,111.44,01:58:56
IBM,111.4326,01:59:02
IBM,111.4,01:59:06
IBM,111.42,01:59:13
IBM,111.41,01:59:14
IBM,111.45,01:59:18
IBM,111.43,01:59:20
IBM,111.44,01:59:24
IBM,111.47,01:59:29
IBM,111.485,01:59:30
IBM,111.45,01:59:38
IBM,111.465,01:59:40
IBM,111.44,01:59:40
IBM,111.42,01:59:42
IBM,111.405,01:59:43
IBM,111.37,01:59:44
IBM,111.295,01:59:47
IBM,111.25,01:59:48
IBM,111.23,01:59:49
IBM,111.27,01:59:50
IBM,111.25,01:59:52
IBM,111.24,01:59:53
IBM,111.17,01:59:57
IBM,111.135,02:00:03
IBM,111.115,02:00:03
IBM,111.1,02:00:05
IBM,111.05,02:00:05
IBM,111.07,02:00:07
IBM,111.0733,02:00:09
IBM,111.06,02:00:10
IBM,111.08,02:00:17
IBM,111.12,02:00:23
IBM,111.18,02:00:24
IBM,111.135,02:00:28
IBM,111.13,02:00:34
IBM,111.15,02:00:36
IBM,111.13,02:00:37
IBM,111.11,02:00:41
IBM,111.13,02:00:43
IBM,111.16,02:00:44
IBM,111.14,02:00:46
IBM,111.16,02:00:49
IBM,111.1806,02:00:52
IBM,111.15,02:00:55
IBM,111.12,02:00:56
IBM,111.15,02:01:00
IBM,111.14,02:01:03
IBM,111.1623,02:01:06
IBM,111.13,02:01:07
IBM,111.08,02:01:10
IBM,111.055,02:01:13
IBM,111.1,02:01:17
IBM,111.13,02:01:18
IBM,111.1,02:01:19
IBM,111.04,02:01:24
IBM,111.02,02:01:32
IBM,111,02:01:37
IBM,110.96,02:01:38
IBM,110.95,02:01:39
IBM,110.92,02:01:41
IBM,110.93,02:01:43
IBM,110.96,02:01:49
IBM,110.97,02:01:50
IBM,110.9769,02:01:51
IBM,111,02:01:52
IBM,111.03,02:01:58
IBM,111.04,02:02:04
IBM,111.06,02:02:05
IBM,111.0537,02:02:06
IBM,111.03,02:02:08
IBM,111.049,02:02:09
IBM,111.07,02:02:10
IBM,111.08,02:02:20
IBM,111.11,02:02:33
IBM,111.13,02:02:36
IBM,111.1568,02:02:40
IBM,111.18,02:02:42
IBM,111.19,02:02:44
IBM,111.21,02:02:45
IBM,111.18,02:02:46
IBM,111.21,02:02:48
IBM,111.22,02:02:50
IBM,111.23,02:02:54
IBM,111.19,02:02:56
IBM,111.15,02:02:57
IBM,111.11,02:03:00
IBM,111.16,02:03:04
IBM,111.185,02:03:06
IBM,111.18,02:03:12
IBM,111.16,02:03:13
IBM,111.18,02:03:15
IBM,111.155,02:03:18
IBM,111.14,02:03:28
IBM,111.1199,02:03:34
IBM,111.12,02:03:35
IBM,111.1,02:03:41
IBM,111.09,02:03:45
IBM,111.1,02:03:46
IBM,111.11,02:03:47
IBM,111.0929,02:03:48
IBM,111.17,02:03:54
IBM,111.14,02:03:58
IBM,111.1375,02:04:01
IBM,111.12,02:04:02
IBM,111.09,02:04:09
IBM,111.06,02:04:13
IBM,111.03,02:04:14
IBM,111.035,02:04:16
IBM,110.99,02:04:17
IBM,111.02,02:04:21
IBM,111.01,02:04:23
IBM,111.0699,02:04:27
IBM,111.07,02:04:28
IBM,111.05,02:04:33
IBM,111.03,02:04:36
IBM,111.01,02:04:38
IBM,111.03,02:04:41
IBM,111.06,02:04:43
IBM,111.07,02:04:44
IBM,111.05,02:04:47
IBM,111.03,02:04:48
IBM,111.05,02:04:54
IBM,111.04,02:04:56
IBM,111.0744,02:05:02
IBM,111.0874,02:05:02
IBM,111.1,02:05:04
IBM,111.09,02:05:09
IBM,111.076,02:05:12
IBM,111.0832,02:05:13
IBM,111.0483,02:05:14
IBM,111.07,02:05:15
IBM,111.075,02:05:18
IBM,111.1095,02:05:26
IBM,111.08,02:05:28
IBM,111.07,02:05:30
IBM,111.06,02:05:33
IBM,111.03,02:05:37
IBM,111.04,02:05:43
IBM,111.07,02:06:01
IBM,111.04,02:06:04
IBM,111,02:06:06
IBM,110.97,02:06:07
IBM,110.95,02:06:14
IBM,110.91,02:06:22
IBM,110.93,02:06:28
IBM,110.895,02:06:33
IBM,110.86,02:06:41
IBM,110.9,02:06:43
IBM,110.91,02:06:47
IBM,110.9,02:06:48
IBM,110.92,02:06:59
IBM,110.93,02:07:00
IBM,110.8988,02:07:04
IBM,110.92,02:07:05
IBM,110.97,02:07:12
IBM,110.965,02:07:17
IBM,110.96,02:07:19
IBM,110.925,02:07:42
IBM,110.93,02:07:46
IBM,110.96,02:07:48
IBM,110.97,02:07:51
IBM,110.99,02:07:53
IBM,110.97,02:07:55
IBM,110.99,02:08:11
IBM,110.9963,02:08:14
IBM,110.9801,02:08:15
IBM,111,02:08:18
IBM,110.97,02:08:20
IBM,110.9719,02:08:25
IBM,110.96,02:08:39
IBM,111.08,02:08:44
IBM,111.05,02:08:48
IBM,111.01,02:08:50
IBM,111.025,02:08:57
IBM,111.02,02:09:01
IBM,111.0421,02:09:09
IBM,111.07,02:09:09
IBM,111.05,02:09:10
IBM,111.07,02:09:13
IBM,111.115,02:09:23
IBM,111.11,02:09:33
IBM,111.13,02:09:35
IBM,111.12,02:09:42
IBM,111.06,02:09:46
IBM,111.0457,02:09:53
IBM,111.05,02:09:55
IBM,110.99,02:09:59
IBM,110.9656,02:10:01
IBM,110.99,02:10:03
IBM,111,02:10:12
IBM,110.9832,02:10:14
IBM,110.96,02:10:18
IBM,110.94,02:10:19
IBM,110.89,02:10:20
IBM,110.885,02:10:24
IBM,110.8465,02:10:25
IBM,110.83,02:10:26
IBM,110.71,02:10:29
IBM,110.75,02:10:30
IBM,110.77,02:10:32
IBM,110.8,02:10:36
IBM,110.81,02:10:37
IBM,110.8,02:10:38
IBM,110.82,02:10:44
IBM,110.78,02:10:46
IBM,110.765,02:10:51
IBM,110.82,02:10:52
IBM,110.79,02:10:57
IBM,110.78,02:10:58
IBM,110.735,02:11:02
IBM,110.72,02:11:03
IBM,110.7,02:11:05
IBM,110.71,02:11:06
IBM,110.64,02:11:11
IBM,110.6,02:11:11
IBM,110.61,02:11:12
IBM,110.6,02:11:14
IBM,110.64,02:11:17
IBM,110.6545,02:11:20
IBM,110.65,02:11:23
IBM,110.64,02:11:30
IBM,110.6,02:11:36
IBM,110.65,02:11:41
IBM,110.67,02:11:42
IBM,110.68,02:11:43
IBM,110.67,02:11:47
IBM,110.66,02:11:48
IBM,110.65,02:11:50
IBM,110.6617,02:11:58
IBM,110.65,02:12:01
IBM,110.697,02:12:04
IBM,110.74,02:12:07
IBM,110.7,02:12:09
IBM,110.688,02:12:11
IBM,110.67,02:12:12
IBM,110.6841,02:12:18
IBM,110.68,02:12:26
IBM,110.65,02:12:28
IBM,110.69,02:12:35
IBM,110.66,02:12:36
IBM,110.62,02:12:38
IBM,110.6107,02:12:40
IBM,110.59,02:12:42
IBM,110.62,02:12:44
IBM,110.65,02:12:51
IBM,110.69,02:12:54
IBM,110.59,02:13:00
IBM,110.6,02:13:01
IBM,110.59,02:13:03
IBM,110.55,02:13:07
IBM,110.52,02:13:09
IBM,110.56,02:13:13
IBM,110.5309,02:13:17
IBM,110.53,02:13:18
IBM,110.56,02:13:19
IBM,110.52,02:13:20
IBM,110.5,02:13:24
IBM,110.49,02:13:25
IBM,110.5028,02:13:28
IBM,110.5,02:13:31
IBM,110.47,02:13:36
IBM,110.49,02:13:38
IBM,110.47,02:13:39
IBM,110.49,02:13:40
IBM,110.5,02:13:41
IBM,110.53,02:13:43
IBM,110.49,02:13:45
IBM,110.47,02:13:52
IBM,110.48,02:13:54
IBM,110.53,02:13:56
IBM,110.52,02:14:03
IBM,110.55,02:14:05
IBM,110.51,02:14:12
IBM,110.57,02:14:17
IBM,110.59,02:14:18
IBM,110.63,02:14:21
IBM,110.6351,02:14:23
IBM,110.63,02:14:25
IBM,110.64,02:14:27
IBM,110.63,02:14:30
IBM,110.68,02:14:32
IBM,110.7,02:14:33
IBM,110.69,02:14:35
IBM,110.71,02:14:36
IBM,110.67,02:14:37
IBM,110.71,02:14:41
IBM,110.8,02:14:45
IBM,110.73,02:14:47
IBM,110.71,02:14:48
IBM,110.735,02:14:51
IBM,110.7517,02:14:55
IBM,110.83,02:14:59
IBM,110.81,02:15:03
IBM,110.79,02:15:04
IBM,110.89,02:15:10
IBM,110.9,02:15:15
IBM,110.84,02:15:15
IBM,110.8293,02:15:17
IBM,110.83,02:15:18
IBM,110.82,02:15:19
IBM,110.791,02:15:20
IBM,110.78,02:15:22
IBM,110.81,02:15:26
IBM,110.795,02:15:30
IBM,110.78,02:15:39
IBM,110.8,02:15:43
IBM,110.75,02:15:47
IBM,110.73,02:15:48
IBM,110.74,02:15:49
IBM,110.71,02:15:57
IBM,110.7031,02:15:58
IBM,110.67,02:16:01
IBM,110.6258,02:16:03
IBM,110.63,02:16:08
IBM,110.64,02:16:09
IBM,110.68,02:16:20
IBM,110.69,02:16:21
IBM,110.67,02:16:25
IBM,110.69,02:16:33
IBM,110.75,02:16:36
IBM,110.738,02:16:41
IBM,110.72,02:16:42
IBM,110.74,02:16:43
IBM,110.75,02:16:44
IBM,110.74,02:16:50
IBM,110.78,02:16:55
IBM,110.7311,02:16:57
IBM,110.72,02:17:03
IBM,110.74,02:17:05
IBM,110.705,02:17:11
IBM,110.72,02:17:14
IBM,110.7,02:17:15
IBM,110.69,02:17:21
IBM,110.66,02:17:22
IBM,110.665,02:17:24
IBM,110.69,02:17:26
IBM,110.68,02:17:30
IBM,110.69,02:17:34
IBM,110.6801,02:17:39
IBM,110.68,02:17:41
IBM,110.695,02:17:43
IBM,110.73,02:17:55
IBM,110.71,02:17:57
IBM,110.695,02:17:58
IBM,110.7,02:18:00
IBM,110.715,02:18:00
IBM,110.69,02:18:01
IBM,110.7,02:18:02
IBM,110.74,02:18:03
IBM,110.76,02:18:09
IBM,110.75,02:18:11
IBM,110.72,02:18:15
IBM,110.74,02:18:19
IBM,110.78,02:18:22
IBM,110.8,02:18:26
IBM,110.83,02:18:28
IBM,110.8618,02:18:29
IBM,110.84,02:18:33
IBM,110.82,02:18:34
IBM,110.8,02:18:35
IBM,110.805,02:18:41
IBM,110.83,02:18:44
IBM,110.81,02:18:50
IBM,110.85,02:18:51
IBM,110.87,02:18:53
IBM,110.81,02:19:05
IBM,110.78,02:19:09
IBM,110.76,02:19:12
IBM,110.7798,02:19:18
IBM,110.82,02:19:20
IBM,110.8663,02:19:21
IBM,110.855,02:19:22
IBM,110.83,02:19:27
IBM,110.855,02:19:29
IBM,110.85,02:19:30
IBM,110.88,02:19:34
IBM,110.89,02:19:39
IBM,110.93,02:19:43
IBM,110.95,02:19:44
IBM,110.9358,02:19:45
IBM,110.9,02:19:46
IBM,110.9077,02:19:54
IBM,110.89,02:19:57
IBM,110.88,02:20:02
IBM,110.87,02:20:03
IBM,110.85,02:20:04
IBM,110.83,02:20:07
IBM,110.835,02:20:16
IBM,110.8209,02:20:17
IBM,110.73,02:20:28
IBM,110.72,02:20:30
IBM,110.69,02:20:31
IBM,110.67,02:20:32
IBM,110.66,02:20:34
IBM,110.685,02:20:35
IBM,110.675,02:20:38
IBM,110.71,02:20:44
IBM,110.67,02:20:46
IBM,110.66,02:20:51
IBM,110.69,02:21:01
IBM,110.659,02:21:04
IBM,110.56,02:21:08
IBM,110.54,02:21:13
IBM,110.57,02:21:14
IBM,110.6,02:21:15
IBM,110.58,02:21:20
IBM,110.6,02:21:21
IBM,110.62,02:21:24
IBM,110.57,02:21:29
IBM,110.5339,02:21:40
IBM,110.51,02:21:44
IBM,110.5113,02:21:45
IBM,110.56,02:21:51
IBM,110.63,02:21:57
IBM,110.588,02:22:09
IBM,110.594,02:22:16
IBM,110.58,02:22:25
IBM,110.63,02:22:27
IBM,110.61,02:22:28
IBM,110.73,02:22:32
IBM,110.72,02:22:36
IBM,110.68,02:22:40
IBM,110.76,02:22:44
IBM,110.7336,02:22:47
IBM,110.77,02:22:49
IBM,110.86,02:22:53
IBM,110.84,02:22:55
IBM,110.79,02:23:01
IBM,110.745,02:23:02
IBM,110.76,02:23:04
IBM,110.73,02:23:07
IBM,110.78,02:23:14
IBM,110.83,02:23:17
IBM,110.86,02:23:19
IBM,110.88,02:23:22
IBM,110.92,02:23:24
IBM,110.95,02:23:25
IBM,110.94,02:23:26
IBM,111.01,02:23:29
IBM,111,02:23:32
IBM,110.92,02:23:33
IBM,110.9,02:23:35
IBM,110.87,02:23:41
IBM,110.94,02:23:44
IBM,110.9343,02:23:48
IBM,110.9188,02:23:50
IBM,110.9685,02:23:51
IBM,110.94,02:23:57
IBM,110.9693,02:24:01
IBM,110.92,02:24:11
IBM,110.93,02:24:12
IBM,110.92,02:24:14
IBM,110.96,02:24:15
IBM,110.94,02:24:22
IBM,110.98,02:24:27
IBM,111,02:24:35
IBM,110.98,02:24:38
IBM,111.0025,02:24:43
IBM,111.0299,02:24:44
IBM,111.02,02:24:45
IBM,111.0217,02:24:46
IBM,111.01,02:24:47
IBM,110.9801,02:24:52
IBM,110.9869,02:24:54
IBM,110.98,02:24:56
IBM,111.01,02:24:57
IBM,111,02:25:02
IBM,110.99,02:25:05
IBM,110.9765,02:25:11
IBM,110.99,02:25:16
IBM,110.9907,02:25:19
IBM,110.92,02:25:27
IBM,110.9297,02:25:28
IBM,110.93,02:25:29
IBM,110.9,02:25:31
IBM,110.93,02:25:33
IBM,110.99,02:25:40
IBM,110.94,02:25:57
IBM,110.9422,02:26:03
IBM,110.95,02:26:18
IBM,110.9391,02:26:22
IBM,110.955,02:26:30
IBM,110.94,02:26:41
IBM,110.99,02:26:44
IBM,110.9885,02:26:45
IBM,110.985,02:26:46
IBM,110.98,02:26:49
IBM,110.96,02:26:53
IBM,110.9695,02:26:59
IBM,110.99,02:27:03
IBM,110.94,02:27:05
IBM,110.93,02:27:07
IBM,110.94,02:27:14
IBM,110.93,02:27:24
IBM,110.9,02:27:25
IBM,110.87,02:27:28
IBM,110.84,02:27:30
IBM,110.89,02:27:35
IBM,110.93,02:27:40
IBM,110.94,02:27:48
IBM,110.97,02:27:51
IBM,110.9746,02:27:52
IBM,110.96,02:27:53
IBM,110.97,02:27:54
IBM,110.98,02:28:15
IBM,111.02,02:28:16
IBM,111.0448,02:28:21
IBM,111.04,02:28:23
IBM,111.075,02:28:25
IBM,111.09,02:28:26
IBM,111.1,02:28:27
IBM,111.2,02:28:32
IBM,111.185,02:28:33
IBM,111.17,02:28:34
IBM,111.14,02:28:35
IBM,111.12,02:28:43
IBM,111.135,02:28:47
IBM,111.17,02:28:49
IBM,111.15,02:28:53
IBM,111.13,02:28:56
IBM,111.15,02:28:59
IBM,111.125,02:29:03
IBM,111.13,02:29:06
IBM,111.16,02:29:11
IBM,111.19,02:29:18
IBM,111.26,02:29:25
IBM,111.275,02:29:28
IBM,111.28,02:29:30
IBM,111.31,02:29:33
IBM,111.29,02:29:37
IBM,111.35,02:29:42
IBM,111.3176,02:29:43
IBM,111.34,02:29:48
IBM,111.37,02:29:51
IBM,111.39,02:29:52
IBM,111.43,02:29:54
IBM,111.359,02:30:00
IBM,111.34,02:30:01
IBM,111.26,02:30:08
IBM,111.24,02:30:09
IBM,111.27,02:30:10
IBM,111.28,02:30:11
IBM,111.27,02:30:12
IBM,111.3,02:30:18
IBM,111.315,02:30:19
IBM,111.28,02:30:20
IBM,111.21,02:30:21
IBM,111.225,02:30:24
IBM,111.18,02:30:26
IBM,111.24,02:30:42
IBM,111.26,02:30:43
IBM,111.3,02:30:48
IBM,111.26,02:30:54
IBM,111.23,02:31:00
IBM,111.27,02:31:02
IBM,111.2558,02:31:09
IBM,111.2756,02:31:14
IBM,111.28,02:31:18
IBM,111.295,02:31:27
IBM,111.33,02:31:30
IBM,111.34,02:31:31
IBM,111.36,02:31:34
IBM,111.31,02:31:38
IBM,111.35,02:31:42
IBM,111.39,02:31:46
IBM,111.355,02:31:48
IBM,111.36,02:31:55
IBM,111.3351,02:31:57
IBM,111.35,02:31:58
IBM,111.39,02:32:01
IBM,111.4,02:32:04
IBM,111.415,02:32:09
IBM,111.4,02:32:11
IBM,111.43,02:32:23
IBM,111.45,02:32:25
IBM,111.48,02:32:28
IBM,111.49,02:32:32
IBM,111.45,02:32:36
IBM,111.44,02:32:42
IBM,111.43,02:32:47
IBM,111.42,02:32:51
IBM,111.4138,02:32:53
IBM,111.43,02:32:54
IBM,111.4001,02:32:55
IBM,111.45,02:33:00
IBM,111.47,02:33:02
IBM,111.51,02:33:06
IBM,111.5,02:33:07
IBM,111.49,02:33:08
